1378 2534
177 233 230 274 22
324 209 326 214 ’
460 231 784 272 SERMONUM
834 233 868 274 1.
917 246 958 274 v.
1076 238 1147 278 Ι-ν,
1165 237 1231 279 21.

177 342 400 388 Sentimun
426 342 554 381 donec
572 343 799 383 cerebrosus
816 345 966 398 prosilit
983 359 1100 395 unus,

176 410 240 448 Ac
257 409 384 447 mulae
402 415 620 460 nautaeque
639 416 759 461 caput
774 409 1004 463 lumbosque
1021 411 1174 464 saligno

176 474 293 514 Fuste
312 474 431 512 dolat.
458 474 606 516 Quarta
621 474 688 513 vix
702 475 857 514 demum
872 477 1104 530 exponimur
1121 478 1231 517 horn.

176 542 257 579 Ora
274 551 488 591 manusque
507 546 576 577 tua
593 539 769 587 lavimus,
795 539 974 590 Feronia,
991 541 1162 594 lympha.

172 604 300 644 Millia
317 611 400 642 tum
417 604 547 656 pransi
567 604 639 643 tria
655 605 846 656 repimus;
873 613 992 659 atque
1009 607 1199 655 subimus,

175 669 406 721 Impositum
425 669 528 707 saxis
546 669 623 708 late
643 670 912 718 candentibus,
932 672 1087 711 Anxur.

172 735 267 774 Huc
285 742 470 773 venturus
489 741 572 773 erat
591 735 804 774 Maecenas
831 736 998 787 optimus
1017 743 1136 789 atque

173 800 380 847 Cocceius,
407 799 511 838 missi
530 799 680 851 magnis
695 799 745 838 de
763 800 878 838 rebus
897 808 1062 853 uterque

167 865 333 918 Legati;
358 877 512 903 aversos
530 864 631 903 soliti
651 877 885 915 componere
903 864 1061 904 amicos.

169 931 251 970 Hic
270 929 393 968 oculis
412 942 487 980 ego
504 929 617 980 nigra
633 929 730 966 meis
749 928 910 980 collyria
925 928 1054 981 lippus

169 994 343 1032 Illinere.
370 993 528 1031 Interea
546 993 759 1032 Maecenas
777 993 953 1041 advenit,
977 1000 1095 1046 atque

168 1059 374 1106 Cocceius,
393 1059 609 1110 Capitoque
628 1057 742 1096 simul
761 1057 963 1105 Fonteius,
978 1058 1031 1097 ad
1049 1071 1221 1111 unguem

166 1124 309 1164 Factus
325 1123 457 1170 homo,
473 1124 640 1171 Antoni,
651 1136 731 1165 non
743 1129 788 1162 ut
799 1123 922 1175 magis
935 1122 1049 1171 alter,
1062 1123 1222 1163 amicus.

166 1189 323 1228 Fundos
343 1188 503 1227 Aufidio
520 1187 652 1226 Lusco
669 1195 848 1239 praetore
867 1187 1037 1227 libenter

162 1254 408 1306 Linquimus,
427 1253 551 1291 insani
568 1252 739 1291 ridentes
757 1252 928 1304 praemia
945 1253 1111 1300 scribae,

163 1319 476 1365 Praetextam,et
490 1317 611 1355 latum
623 1317 1217 1369 clavum‚prunaequebatilhun.

165 1384 213 1422 In
232 1383 519 1421 Mamurrarum
536 1382 625 1420 lassi
643 1381 785 1420 deinde
804 1382 900 1420 urbe
918 1382 1132 1429 manemus,

162 1449 333 1487 Murena
349 1447 561 1499 praebente
580 1446 751 1493 domum,
772 1446 963 1499 Capitone
982 1446 1166 1487 culinam.

162 1514 326 1552 Postera
341 1513 410 1551 lux
429 1511 553 1550 oritur
568 1511 692 1549 multo
710 1511 950 1562 gratissima:
977 1524 1146 1565 namque

163 1578 312 1616 Plotius
330 1586 371 1615 et
389 1576 531 1615 Varius
551 1575 772 1624 Sinuessae,
798 1575 1078 1629 virgiliusque,

165 1643 416 1686 Occurrunt3
443 1641 608 1694 animae,
629 1641 762 1693 quales
779 1654 907 1693 neque
926 1641 1171 1681 candidiores

163 1707 285 1745 Terra
303 1707 405 1753 tulit,
433 1719 562 1757 neque
581 1707 668 1758 quis
685 1718 748 1744 me
768 1706 818 1744 sit
835 1705 1053 1745 devinctior
1069 1706 1180 1745 alter.

161 1773 201 1810 0
218 1772 285 1824 qui
304 1771 546 1823 complexus,
573 1778 614 1809 et
631 1771 774 1823 gaudia
793 1778 938 1822 quanta
953 1771 1134 1810 fuerunt!

161 1837 229 1875 Nil
247 1850 323 1886 ego
343 1836 575 1874 contulerim
589 1835 765 1887 jucundo
783 1848 900 1874 sanus
917 1835 1056 1874 amico.

159 1901 344 1940 Proxima
362 1900 562 1951 Campano
579 1901 690 1951 ponti
708 1913 808 1952 quae
825 1899 959 1938 villula
977 1906 1128 1938 tectum

159 1965 368 2008 Praebuit;
394 1971 435 2002 et
452 1964 626 2016 parochi,
647 1977 746 2016 quae
766 1964 925 2010 debent,
944 1963 1052 2015 ligna
1077 1963 1215 2003 salem·

157 2030 266 2068 Hinc
279 2028 373 2067 muli
386 2029 544 2080 Capuae
558 2029 722 2067 clitellas
729 2036 904 2080 tempore
915 2034 1078 2079 ponunt.
1096 2029 1215 2080 [que.

158 2095 306 2135 Lusum
317 2095 348 2132 it
360 2093 573 2132 Maecenas
589 2092 818 2138 ;dormitum
837 2106 911 2145 ego
930 2092 1214 2144 Virgiliusque:

160 2161 339 2212 Namque
356 2158 436 2211 pila
453 2157 566 2210 lippis
584 2157 783 2197 inimicum
799 2165 839 2198 et
856 2157 992 2197 ludere
1011 2157 1154 2198 crudis.
