1378 2534
234 230 312 268 202
635 226 902 266 NOTULAE

484 317 531 343 m
558 317 642 343 L113.
671 318 699 343 1.
727 316 1047 344 ΕΡιεΤοιΑιωΜ.

242 409 283 440 et
301 402 398 440 alter
417 409 532 440 notae
561 402 742 453 optimae,
777 402 959 452 Cruquii:
987 400 1172 453 quoddam
1201 401 1292 440 edd.

244 473 338 505 vett.
358 467 514 518 quodam
534 466 647 504 codd.
665 466 852 517 plerique.

294 529 327 569 Ι.
341 533 403 569 55.
437 530 513 568 Pro
527 530 631 581 vulg.
639 531 827 582 perdocet,
846 529 959 568 codd.
977 529 1091 580 longe
1104 530 1233 581 plures
1250 536 1290 567 et

241 594 420 632 meliores
426 595 615 646 prodocet.
649 594 741 632 Duo
757 607 807 632 ex
822 593 1051 645 Cruquianis
1056 593 1257 646 praedocet
1271 608 1292 637 ,-

242 672 340 697 unus
359 659 492 697 edocet.

291 738 358 783 57,
385 739 447 775 58.

293 813 338 850 Si
355 813 637 865 quadringentis
654 826 717 851 sex
733 819 867 865 septem
886 812 1002 851 millia
1021 813 1164 860 desunt,
1212 868 1214 871 v

289 875 361 914 Est
379 877 522 914 animus
536 876 617 923 tibi,
637 883 721 914 sunt
736 890 866 923 mores,
885 882 919 915 et
937 876 1080 929 lingua,
1083 877 1272 928 fidesque,

291 940 405 978 Plebs
422 940 509 979 eris.

214 1006 216 1008 V
239 1019 301 1056 lta
318 1018 459 1069 vulgo:
487 1025 540 1065 at,
559 1031 629 1069 pro
640 1018 686 1064 si,
701 1017 834 1068 scripti
849 1017 1027 1056 meliores
1045 1018 1113 1055 sed
1125 1015 1289 1063 habent,

239 1090 329 1120 octo
348 1082 540 1128 Lambini,
560 1082 735 1133 plerique
751 1080 959 1128 Tor-rentii,
974 1088 1054 1119 tres
1069 1081 1287 1135 Pulmanni,

239 1147 467 1185 Bersmanni
486 1147 662 1191 totidem,
694 1152 734 1183 et
753 1158 803 1183 ex
823 1145 1059 1184 Bentleianis
1077 1145 1285 1192 veterrimi,

238 1211 454 1256 Leidensis,
475 1210 729 1255 Graevianus,
750 1210 996 1260 Reginensis.
1050 1210 1127 1248 Pro
1141 1211 1286 1256 desunt,

238 1275 368 1313 Bentl.
388 1275 590 1313 Leidensis
605 1282 644 1312 et
659 1274 905 1324 Reginensis,
923 1274 1112 1325 multique
1123 1274 1286 1312 aliorum

237 1339 370 1377 desint.
423 1339 500 1376 Pro
529 1332 584 1375 Er
609 1337 754 1389 lingua,
783 1338 937 1388 quidam
965 1337 1160 1384 Lambini,
1186 1350 1286 1375 unus

237 1402 443 1440 Pulmanni
463 1402 643 1453 optimuS‚
671 1409 711 1438 et
742 1401 841 1438 alter
860 1401 946 1439 coll.
979 1400 1178 1438 Trinitatis
1207 1412 1283 1438 κει·

237 1464 381 1518 lingua.
434 1465 616 1516 Denique
637 1463 798 1515 Cruquii
814 1465 939 1503 codex
958 1463 1202 1502 Buslidianus
1219 1477 1284 1502 ve-

237 1530 484 1576 tustissimus,
510 1542 546 1567 ν.
564 1532 628 1568 58.
646 1533 736 1567 ante
755 1542 791 1565 v.
809 1530 872 1570 57.
901 1528 1075 1575 exhibet,
1104 1535 1144 1566 et
1173 1528 1228 1566 ita
1244 1540 1284 1566 e-

237 1593 331 1632 tiam
351 1593 555 1631 Pulmanni
574 1594 669 1640 duo,
681 1601 722 1631 et
734 1592 960 1631 Bersmanni
979 1605 1091 1630 unus.
1131 1591 1197 1631 Sic
1214 1592 1286 1632 ita-

238 1672 314 1710 que
333 1671 383 1696 ex
401 1657 632 1696 membranis
659 1657 869 1709 legendum
887 1655 1037 1694 monuit
1054 1655 1183 1694 Bentl.

264 1735 337 1773 Est
348 1735 493 1773 animus
506 1734 587 1781 tibi,
601 1740 686 1772 sunt
699 1747 828 1780 mores,
849 1746 923 1771 ns'r
937 1733 1080 1786 lingua,
1079 1733 1254 1787 fidesque
1267 1749 1284 1772 .-

265 1800 341 1838 Sed
357 1799 640 1851 quadringentis
657 1812 720 1837 sex
737 1804 869 1850 septem
888 1796 1005 1835 millia
1023 1808 1203 1841 nnsmn

263 1862 378 1901 Plebs
396 1862 480 1900 eris.

237 1938 450 1986 Gesnerus,
466 1946 614 1986 contra,
630 1939 964 1992 transpositionem
978 1937 1134 1976 minime
1149 1951 1283 1977 neces-

235 2003 372 2041 sariam
403 2010 526 2054 putat.
594 2008 621 2027 ‘⁴
647 2004 744 2042 Inde
773 2017 879 2050 vero,
907 2001 1046 2053 inquit,
1074 2001 1282 2053 transposi-

239 2072 266 2091 “
293 2067 406 2106 tionis
424 2068 693 2106 necessitatem
713 2081 759 2106 eo
779 2067 904 2105 minus
923 2066 1096 2117 colligas,
1116 2066 1220 2118 quod
1236 2065 1286 2103 il-

235 2135 262 2155 ⁸‘
289 2132 355 2171 lud
365 2132 431 2171 sed
439 2139 568 2183 potest
578 2132 749 2171 indicare
762 2130 1054 2170 excusationem
1065 2142 1284 2176 avarorum,
