1378 2534
129 306 166 331 v.
183 292 215 330 1.
403 282 724 327 SERMONUM
776 281 831 320 11.
882 281 933 319 vi.
1129 279 1182 316 69

486 401 694 441 SATIRA
744 397 815 437 vl.

131 537 226 576 Hoc
244 543 328 576 erat
345 535 385 574 in
402 533 502 572 votis
517 546 528 570 ε
555 530 693 570 modus
711 528 795 580 agri
812 541 890 568 non
909 528 964 567 ita
978 539 1156 578 magnus,

132 602 284 641 Hortus
301 600 383 647 ubi,
409 605 450 637 et
468 604 575 637 tecto
593 595 742 634 vicinus
755 593 860 645 jugis
878 605 1001 644 aquae
1017 591 1119 638 fons,

133 666 186 704 Et
202 665 374 718 paullum
392 663 510 702 silvae
529 673 645 712 super
656 659 716 698 his
733 659 846 697 foret.
892 656 1058 696 Auctius
1068 663 1185 708 atque

134 731 190 769 Di
208 729 344 769 melius
361 728 515 766 fecere:
541 727 642 765 bene
661 731 742 762 est:
770 722 866 762 nihil
884 721 1046 773 amplius
1064 733 1148 767 oro,

138 793 248 833 Maia
263 800 370 840 nate,
381 792 454 830 nisi
466 798 510 829 ut
521 789 678 842 propria
686 788 785 826 haec
798 786 893 824 mihi
903 797 1064 824 munera
1075 783 1195 825 faxis..

140 857 184 897 Si
201 869 328 909 neque
346 857 531 907 majorem
548 854 625 893 feci
643 852 793 891 ratione
811 851 912 889 mala
927 863 1025 897 rem,

135 922 224 967 Nec
241 935 326 960 sum
344 921 516 959 facturus
530 918 625 956 vitio
644 917 805 970 culpave
821 916 1010 954 minorem
1023 929 1035 953 ε

136 987 179 1026 Si
195 998 360 1025 veneror
377 984 518 1023 stultus
536 983 632 1021 nihil
650 983 790 1021 horum
806 997 816 1024 ;
834 980 870 1018 Ο
889 981 923 1019 si
939 979 1104 1031 angulus
1122 978 1186 1017 ille

137 1050 347 1089 Proximus
364 1048 541 1094 accedat,
561 1047 626 1098 qui
645 1059 750 1084 nunc
767 1045 968 1083 denormat
986 1044 1177 1095 agellum!

138 1112 177 1151 Ο
189 1114 222 1152 si
236 1125 371 1152 urnam
383 1111 533 1164 argenti
543 1111 623 1148 fors
636 1123 733 1161 quae
747 1109 841 1147 mihi
852 1111 1056 1147 monstret!
1068 1115 1113 1146 ut
1124 1108 1193 1154 ini,

141 1178 344 1216 Tbesauro
361 1176 521 1213 invento
540 1174 606 1226 qui
624 1173 885 1212 mercenarius
903 1185 1039 1224 agrum

139 1243 256 1281 Illum
275 1242 400 1292 ipsum
418 1246 612 1278 mercatus
631 1237 767 1284 aravit,
796 1238 903 1275 dives
920 1237 1047 1276 amico

142 1304 412 1345 Hercule—Si
425 1304 531 1356 quod
543 1303 667 1350 adest,
686 1309 837 1354 gratum
849 1303 973 1353 juvat,
987 1302 1062 1340 hac
1075 1315 1193 1354 prece

346 1376 388 1408 te
405 1381 496 1414 oro;

144 1433 296 1487 Pingue
312 1446 434 1486 pecus
452 1433 610 1472 domino
626 1431 759 1479 facias,
787 1439 828 1471 et
845 1439 976 1471 cetera
992 1440 1149 1485 praeter

144 1499 351 1550 Ingenium
363 1514 375 1543 ;
392 1505 512 1550 utque
524 1498 624 1536 soles
637 1505 766 1536 custos
778 1497 871 1535 mihi
883 1497 1072 1536 maximus
1085 1499 1198 1536 adsis.

146 1562 255 1614 Ergo
272 1563 338 1601 ubi
354 1575 418 1601 me
436 1563 476 1600 in
492 1569 644 1601 montes
662 1570 703 1601 et
720 1562 760 1600 in
778 1575 907 1600 arcem
926 1575 978 1600 ex
996 1563 1092 1601 urbe
1111 1575 1170 1600 re-

352 1627 469 1673 movi,

151 1690 257 1734 Quid
274 1689 380 1742 prius
398 1690 586 1728 illustrem
606 1689 741 1729 Satiris
761 1690 953 1742 Musaque
970 1691 1173 1742 pedestri?

149 1754 238 1794 Nec
255 1754 356 1793 mala
372 1767 434 1792 me
453 1754 611 1793 ambitio
624 1755 767 1806 perdit,
785 1768 858 1793 nec
877 1756 1079 1807 plumbeus
1098 1757 1201 1794 Aus-

356 1825 432 1864 ter,

158 1883 459 1934 Autumnusque
472 1882 613 1934 gravis,
627 1882 821 1922 Libitinae
832 1890 1013 1936 quaestus
1027 1886 1203 1924 acerbae.

121 2000 123 2002 ¹
155 1946 353 1985 Matutine
370 1954 496 1998 pater,
524 1960 593 1986 seu
610 1947 711 1986 Jane
728 1948 910 1986 libentius
926 1949 1050 1996 audis,

156 2009 273 2048 Unde
292 2010 467 2049 homines
486 2024 646 2062 operum
664 2012 806 2063 primos
824 2012 1003 2065 vitaeque
1020 2013 1172 2052 labores

156 2072 384 2122 Instituunt‚
416 2075 493 2128 (sic
511 2076 571 2114 dis
588 2077 796 2129 placitum)
819 2085 862 2115 tu
881 2069 1060 2116 carminis
1077 2085 1163 2115 esto

159 2137 408 2188 Principium.
452 2139 600 2179 Romae
618 2154 843 2192 sponsorem
861 2155 923 2180 me
941 2142 1066 2194 rapis:
1096 2141 1182 2188 Eia,

160 2200 223 2239 Ne
242 2202 346 2252 prior
363 2203 487 2243 officio
505 2205 705 2257 quisquam
723 2206 967 2258 respondeat,
994 2219 1130 2258 urgue.

186 2264 298 2303 ΤοΜ.
324 2265 377 2304 11.
659 2269 678 2306 1
709 2271 735 2307 3
