1378 2534
103 285 142 311 v.
157 273 223 312 55.
360 259 682 304 SERMONUM
732 258 768 298 L
817 255 868 295 vi·
1114 254 1164 294 27

106 378 308 432 Virgilius,
334 382 423 429 post
440 374 546 412 hunc
564 371 718 417 Verius,
745 369 882 407 dixere
900 365 995 418 quid
1011 375 1149 403 essem.

107 445 167 485 Ut
183 442 273 483 veni
289 453 435 487 coram,
459 437 661 491 singultim
677 446 805 488 pauca
821 433 990 478 loeutus,

105 509 240 548 Infans
257 519 424 558 namque
441 504 568 557 pudor
585 500 818 553 prohibebat
834 498 946 550 plura
963 494 1124 548 profari,

106 571 201 614 Non
217 585 293 624 ego
309 584 374 610 me
392 570 499 609 clm-o
517 575 652 606 natum
668 572 795 617 patre,
813 576 891 602 non
909 575 985 613 ego
1003 560 1151 599 circum

106 637 180 677 Me
199 637 428 676 Satureiano
444 633 592 672 vectari
610 643 701 669 rura
718 628 883 674 caballo,

110 701 205 749 Sed,
211 701 316 754 quod
329 713 451 746 eram,
459 694 824 747 narrozrespondes,
837 700 881 731 ut
893 699 984 730 tuus
997 696 1058 728 est
1067 697 1165 732 mos,

107 767 423 810 Paueoznbemet
436 775 595 802 revoces
608 773 713 799 nono
722 767 812 810 post
822 769 971 802 mense,
972 755 1166 806 jubesque

107 830 205 870 Eme
216 830 257 869 in
266 829 479 869 amicorum
493 838 667 865 numero-
673 824 866 875 Magnum
872 822 948 861 hoc
960 833 1036 872 ego
1048 819 1166 864 duco,

108 895 227 938 Quod
242 893 372 946 placui
389 893 475 939 tibi,
502 892 570 944 qui
587 890 692 943 turpi
709 887 880 928 secernis
896 887 1117 930 honestum,

107 959 200 999 Non
217 965 329 1011 petre
346 957 559 1010 praeclaro,
586 955 657 994 sed
672 955 753 992 vita
769 961 810 992 et
826 959 990 1005 pectore
1007 960 1119 1002 puro.

46 1028 53 1036 “
108 1025 248 1076 Atqui,
272 1023 307 1062 si
323 1023 426 1061 vitiis
443 1021 704 1060 mediocribus
716 1031 764 1058 uc
780 1030 870 1056 mea
886 1016 1022 1069 paucis

108 1088 305 1126 Mendosa
318 1094 379 1124 est
395 1093 548 1131 natura,
575 1084 719 1136 alioqui
737 1090 859 1128 recta,
886 1082 995 1120 velut
1011 1080 1044 1118 si

110 1151 285 1203 Egregie
302 1150 495 1202 inspersos
513 1149 723 1201 reprendas
741 1159 903 1199 corpore
922 1157 1088 1188 naevos3

113 1216 155 1255 Si
165 1228 295 1267 neque
305 1214 519 1261 avaritiam,
531 1227 660 1265 neque
672 1213 820 1259 sordes,
832 1224 907 1250 nec
918 1211 1019 1249 mala
1030 1210 1166 1257 lustra,

111 1282 285 1334 Objiciet
300 1293 391 1320 vere
409 1280 612 1332 quisquam
629 1278 746 1322 mihi;
770 1290 892 1329 purus
909 1285 951 1314 et
968 1277 1114 1322 insons,

110 1347 168 1387 Ut
183 1360 248 1385 me
266 1345 498 1391 collaudem,
524 1343 557 1382 si
575 1351 616 1382 et
633 1343 721 1381 vivo
740 1354 853 1381 carus
870 1340 1004 1380 amicis
1022 1353 1034 1378 ι

111 1413 239 1452 Causa
254 1410 329 1449 fuit
345 1417 458 1462 pater
475 1408 536 1446 his
550 1424 561 1451 ;
578 1407 660 1459 qui,
678 1419 812 1445 macro
830 1417 979 1455 pauper
995 1405 1139 1454 agello,

110 1476 248 1515 Noluit
264 1475 305 1512 in
323 1474 430 1512 Flavi
447 1473 583 1510 ludum
600 1484 662 1509 me
681 1470 850 1515 mittere,
868 1468 999 1519 magni

111 1542 201 1585 Quo
216 1539 343 1592 pueri,
360 1537 510 1588 magnis
528 1548 551 1574 e
570 1534 862 1574 centurionibus
879 1534 970 1580 orti,

110 1606 244 1644 Laevo
261 1603 436 1655 suspensi
449 1601 597 1640 loculos
615 1600 863 1650 tabulamque
882 1599 1043 1646 lacerto,

111 1670 228 1708 Ibant
245 1667 396 1706 octonis
413 1666 628 1704 referentes
644 1664 779 1702 Idibus
796 1676 886 1702 aera
896 1677 908 1700 ε

114 1734 194 1774 Sed
210 1745 374 1785 puerum
388 1738 447 1770 est
460 1743 575 1769 ausus
586 1730 751 1767 Romam
762 1736 932 1780 portare,
945 1727 1166 1767 docendum

114 1800 247 1845 Artes,
266 1810 362 1849 quas
378 1796 518 1834 doceat
537 1794 660 1846 quivis
678 1806 799 1845 eques
815 1801 933 1845 atque
950 1800 1107 1831 senator

115 1863 248 1902 Semet
264 1868 500 1914 prognatos;
525 1867 672 1898 vestem
690 1870 898 1909 servosque
916 1867 1125 1910 sequentes

114 1928 162 1966 In
179 1940 320 1978 magno
337 1933 382 1963 ut
398 1924 543 1976 populo
560 1923 592 1961 si
618 1922 704 1974 quis
719 1921 891 1968 vidisset,
918 1922 1022 1960 avita

114 1993 179 2030 Ex
196 2005 238 2030 re
256 1990 433 2043 praeberi
451 1997 599 2027 sumtus
617 1987 711 2024 mihi
730 1986 909 2025 crederet
926 1986 1022 2024 illos.

114 2057 203 2108 Ipse
221 2055 328 2103 mihi,
346 2061 477 2093 custos
494 2051 861 2103 incorruptissimus,
888 2064 1022 2089 omnes

115 2120 272 2159 Circum
285 2120 463 2158 doctores
480 2118 627 2156 aderat.
654 2116 757 2160 Quid
776 2116 923 2154 multa?
943 2115 1143 2167 pudicum,

117 2184 194 2228 Qui
211 2184 355 2237 primus
372 2183 524 2223 virtutis
540 2183 678 2230 honos,
703 2182 869 2221 servavit
885 2182 935 2221 ab
953 2182 1058 2220 omni
