1378 2534
77 279 114 306 v«.
132 265 195 306 14⁴
325 252 726 303 EPISTOLARUM
775 261 809 300 Ι.
860 255 923 301 vii.
1077 259 1130 304 97

78 375 184 423 Non,
202 389 279 428 quo
295 388 403 414 more
420 375 526 427 pyris
543 373 649 413 vesci
668 374 833 413 Calaber
841 374 955 425 jubet
967 373 1123 426 hospes,

78 440 141 478 Tu
157 453 221 478 me
236 439 363 479 fecisti
380 439 627 491 locupletem.
656 438 826 478 Vescere
843 438 969 477 sodes.

76 505 166 544 Jam
181 505 274 544 satis
290 511 362 543 est.
390 505 448 542 At
465 511 508 542 tu
527 503 770 556 quantumvis
796 504 902 542 tolle.
934 504 1122 556 Benigne·

78 569 169 608 Non
185 569 306 608 invisa
321 569 422 608 feres
439 569 569 621 pueris
585 568 814 606 munuscula
829 568 967 620 parvis.

78 633 174 673 Tam
192 642 327 673 teneor
344 633 461 680 dono,
489 645 603 685 quam
621 632 653 671 si
671 632 842 670 dimittar
858 639 1032 672 onustus.

77 699 134 738 Ut
150 699 269 737 libet:
282 698 381 737 haec
394 698 523 750 porcis
533 697 649 736 hodie
663 696 903 735 comedenda
915 697 1122 748 relinques.

77 763 268 815 Prodigus
285 770 326 801 et
343 763 482 801 stultus
499 763 630 810 donat,
649 774 750 814 quae
766 761 911 814 spernit
929 770 970 801 et
987 763 1070 801 odit
1082 776 1095 801 ε

77 828 190 867 Haec
207 839 320 879 seges
337 827 507 878 ingratos
520 826 624 873 tulit,
636 833 677 864 et
690 826 791 865 feret
804 827 982 866 omnibus
998 827 1121 866 annis.

77 891 147 930 Vir
163 892 287 930 bonus
304 898 346 929 et
362 891 513 943 sapiens
530 891 658 942 dignis
677 891 731 929 ait
748 903 832 929 esse
849 899 1027 942 paratus;

76 955 163 994 Nec
180 963 310 994 tamen
327 954 481 1006 ignorat
498 955 592 1006 quid
609 956 752 994 distent
769 968 860 994 aera
876 956 1029 1008 lupinis.

75 1019 249 1070 Dignum
266 1020 549 1070 praestabo·me
574 1020 690 1058 etiam
707 1033 778 1072 pro
795 1019 909 1058 laude
926 1022 1122 1060 merentis.

75 1083 192 1126 Quod
208 1083 240 1122 si
257 1095 320 1120 me
338 1083 446 1120 noles
463 1095 623 1134 usquam
641 1083 855 1130 discedere,
882 1085 1023 1123 reddes

76 1147 192 1186 Forte
210 1148 325 1194 latus,
351 1147 483 1198 nigros
501 1154 663 1198 angusta
678 1146 806 1186 fronte
825 1147 1007 1199 capillos;

77 1211 235 1250 Reddes
252 1211 366 1249 dulce
384 1211 511 1262 loqui;
538 1210 676 1249 reddes
693 1211 820 1249 ridere
838 1211 1037 1260 decorum,
1064 1221 1106 1252 et

75 1275 184 1314 Inter
200 1275 288 1314 vina
303 1275 435 1326 fugam
454 1275 618 1313 Cinarae
635 1288 810 1313 moerere
828 1283 1045 1327 protervae.

76 1339 190 1378 Forte
207 1352 278 1392 per
295 1347 494 1390 angustam
512 1339 640 1378 tenuis
659 1339 832 1377 nitedula
848 1340 982 1378 rimam

76 1404 265 1456 Repserat
282 1405 322 1442 in
340 1416 535 1442 cumeram
554 1403 755 1446 frumenti;
772 1412 959 1456 pastaque
972 1419 1107 1448 rursus

75 1469 137 1507 Ire
154 1469 256 1507 foras
274 1469 389 1520 pleno
407 1467 591 1506 tendebat
609 1480 771 1518 corpore
788 1468 941 1507 frustra

76 1533 150 1572 Cui
167 1533 332 1570 mustela
349 1532 498 1583 procul,
518 1531 559 1569 Si
577 1532 647 1578 vis,
666 1531 733 1577 ait,
751 1531 921 1583 effugere
938 1533 1067 1582 istinc,

75 1597 212 1634 Macra
222 1608 358 1634 cavum
368 1603 520 1647 repetes
533 1603 697 1641 arctum,
705 1608 820 1646 quem
828 1609 958 1635 macra
970 1599 1123 1638 subisti·

75 1661 164 1698 Hac
182 1673 257 1711 ego
274 1660 306 1697 si
324 1659 532 1710 compellor
549 1659 729 1710 imagine,
757 1667 900 1698 cuncta
916 1661 1071 1712 resigno
1082 1677 1095 1701 ε

75 1725 162 1763 Nec
180 1736 354 1762 somnum
372 1723 495 1774 plebis
509 1723 625 1761 laudo
643 1731 748 1761 satur
766 1723 941 1770 altilium,
969 1738 1046 1764 nec

74 1789 168 1828 Otia
184 1788 325 1827 divitiis
343 1787 517 1825 Arabum
535 1787 727 1825 liberrima
744 1795 863 1825 muto.

73 1853 199 1904 Saepe
216 1851 478 1890 verecundum
504 1851 688 1895 laudasti3
716 1851 883 1904 Rexque
913 1853 1105 1907 Paterque

74 1916 230 1954 Audisti
248 1928 390 1963 coram,
409 1928 483 1954 nec
500 1916 619 1953 verbo
636 1915 789 1967 parcius
807 1918 957 1956 absens.

74 1980 241 2031 Inspice,
259 1980 290 2017 si
308 1993 463 2031 possum
481 1980 624 2018 donata
641 1993 828 2031 reponere
846 1981 982 2020 laetus.

74 2044 195 2083 Haud
211 2045 309 2083 male
329 2044 596 2091 Telemachus,
615 2046 743 2097 proles
761 2045 941 2097 patientis
963 2046 1096 2086 Ulixi:

74 2107 167 2146 Non
184 2115 244 2145 est
261 2116 371 2159 aptus
389 2109 498 2160 equis
509 2109 643 2148 Ithace
657 2110 779 2156 locus,
798 2117 840 2148 ut
854 2123 980 2161 neque
995 2110 1121 2161 planis

74 2170 280 2210 Porrectus
296 2172 441 2223 spatiis,
459 2185 583 2225 neque
602 2173 746 2212 multae
759 2174 945 2226 prodigus
955 2175 1119 2213 herbaes

126 2235 246 2275 Tou.
278 2237 338 2275 11.
662 2237 703 2276 Ν
