1378 2534
171 237 221 274 28
450 237 772 277 SERMONUM
824 238 858 277 Ι.
911 239 961 278 vi.
1116 254 1153 279 v.
1170 244 1234 282 84.

178 347 269 386 Non
289 348 412 386 solum
429 348 550 396 facto,
563 362 698 388 verum
710 350 918 403 opprobrio
930 363 1101 403 quoque,
1114 351 1236 403 turpi:

177 414 265 453 Nec
285 415 427 461 timuit,
457 415 529 453 sibi
548 429 598 453 ne
616 415 712 454 vitio
731 417 818 468 quis
834 423 1022 464 verteret,
1041 417 1132 456 olim

176 480 217 519 Si
235 494 379 531 praeco
397 494 546 532 parvas,
566 487 648 528 aut,
669 488 713 519 ut
731 480 805 519 fuit
825 482 921 534 ipse,
940 488 1100 522 coactor

172 545 384 583 Mercedes
403 558 610 597 sequerer:
640 559 768 597 neque
788 559 864 598 ego
882 559 1009 586 essem
1027 555 1199 599 questus.

384 612 450 648 Ad
468 611 544 648 hoc
562 624 667 649 nunc

172 675 278 713 Laus
298 675 352 713 illi
370 676 551 722 debetur,
580 684 621 714 et
639 689 662 713 a
680 689 742 714 me
760 676 886 728 gratia
903 679 1039 729 major.

172 740 239 778 Nil
257 753 322 778 me
340 740 541 791 poeniteat
559 754 695 779 sanum
713 742 835 792 patris
859 742 1000 793 hujus:
1028 755 1156 795 eoque

170 805 277 851 Non,
298 813 340 843 ut
359 818 500 856 magna
518 805 608 844 dolo
626 805 774 844 factum
793 814 913 858 negat
931 820 1015 845 esse
1027 821 1099 846 suo
1109 821 1214 860 pars,
1242 827 1247 833 ·

166 870 289 922 »Quod
307 883 384 908 non
404 870 595 921 ingenuos
614 870 757 908 habeat
776 871 979 923 clarosque
997 879 1196 923 parentes,

172 933 239 972 Sic
257 947 320 972 me
339 934 558 973 defendam.
586 935 726 987 Longe
747 949 834 974 mea
852 935 1049 989 discrepat
1067 937 1151 975 istis

170 997 225 1036 Et
243 1013 335 1046 vox,
363 1006 405 1038 et
423 999 534 1038 ratio.
564 999 680 1047 Nam,
708 1000 740 1038 si
760 1000 913 1038 Natura
925 1001 1085 1051 juberet

173 1065 212 1102 A
233 1064 350 1102 certis
369 1065 481 1103 annis
499 1077 638 1103 aevum
657 1077 832 1103 remeare
851 1073 1073 1117 peractum,
1151 1068 1235 1118 [tes

171 1131 307 1180 Atque
320 1129 415 1168 alios
427 1130 568 1182 ‚legere
580 1131 632 1169 ad
650 1130 792 1169 fastum
813 1144 1067 1183 quoscunque
1081 1145 1222 1184 paren-

172 1193 340 1244 Optaret
359 1194 431 1232 sibi
450 1195 636 1246 quisque;
655 1196 752 1233 meis
771 1203 993 1243 contentus,
1012 1197 1198 1236 honestos
1239 1202 1243 1208 '

170 1257 354 1296 Fascibus
373 1271 419 1297 ac
438 1259 541 1296 sellis
561 1260 706 1298 nollem
724 1260 820 1297 mihi
838 1273 1016 1305 sumere3
1043 1261 1205 1300 demens

167 1320 195 1360 J
198 1323 326 1360 udicio
345 1323 466 1374 vulgi,
493 1337 609 1361 sanus
623 1323 787 1362 fortasse
806 1331 889 1370 tuo,
918 1325 1024 1376 quod

167 1386 326 1425 Nollem
346 1400 458 1433 onus,
486 1389 592 1426 haud
610 1401 780 1440 unquam
799 1389 949 1434 solitus,
968 1396 1124 1439 portare
1147 1402 1229 1429 mo-

375 1450 530 1489 lestum.
715 1436 721 1447 r

169 1515 272 1554 Nam
286 1515 381 1552 mihi
397 1515 728 1567 continuo'major
748 1518 971 1568 quaerenda
987 1518 1092 1558 foret
1110 1533 1186 1567 res,

170 1582 306 1631 Atque
325 1579 517 1618 salutandi
535 1581 689 1632 plures;
717 1582 920 1620 ducendus
939 1590 980 1621 et
998 1597 1113 1631 unus,

170 1645 222 1683 Et
243 1657 374 1683 comes
392 1645 512 1695 alter„
532 1646 590 1683 uti
609 1659 658 1684 ne
677 1647 781 1685 solus
796 1660 908 1685 rusve
927 1661 1143 1699 peregreve

171 1711 359 1754 Exirem3
386 1710 517 1762 plures
537 1711 706 1758 calones,
735 1719 853 1763 atque
873 1713 1011 1751 caballi

171 1775 388 1819 Pascendi3
416 1776 594 1814 ducenda
612 1777 813 1827 petorrita.
841 1777 958 1815 Nunc
977 1777 1071 1815 mihi
1090 1786 1203 1817 curto

169 1840 233 1878 Ire
252 1840 345 1878 licet
363 1841 481 1886 mulo,
510 1842 585 1887 vel,
605 1841 636 1878 si
655 1841 765 1888 libet,
794 1854 916 1893 usque
937 1835 1174 1887 Tarentum;

169 1905 349 1943 Mantica
367 1905 430 1942 cui
450 1905 601 1944 lumbos
620 1919 738 1944 onere
759 1906 923 1952 ulceret,
935 1912 1052 1957 atque
1071 1919 1191 1958 eques

375 1982 514 2008 armos.

172 2033 344 2084 Objiciet
362 2047 477 2072 nemo
496 2035 629 2073 sordes
647 2035 756 2081 mihi,
772 2025 879 2086 quas
898 2033 982 2080 tibi,
1011 2034 1116 2082 Tilli,

171 2100 286 2146 Cum,
307 2098 469 2137 Tiburte
488 2099 563 2146 via,
582 2107 802 2151 praetorem
824 2099 994 2150 quinque
1012 2107 1227 2150 sequuntur

177 2165 234 2203 Te
253 2165 378 2218 pueri,
406 2164 798 2222 lasanumfflortantes
820 2164 1177 2218 oenophorumque.
