1378 2534
216 236 271 278 76
479 233 805 277 SERMONUM
854 235 910 277 11.
961 206 1027 279 vii.
1158 253 1204 281 s.
1220 243 1285 285 η

226 345 318 386 Non
336 359 421 387 sum
439 349 641 396 moechum
667 349 747 387 ais:
774 360 903 402 neque
921 361 998 404 ego
1023 351 1186 392 hercule
1203 351 1282 402 fur,

432 414 498 452 ubi
516 427 607 452 vasa

225 478 438 517 Praetereo
456 479 610 531 sapiens
627 487 836 531 argentea:
862 481 956 520 tolle
974 481 1180 534 periclum,

221 544 315 583 Jam
333 557 432 595 vaga
449 545 625 596 prosiliet
641 545 760 584 frenis
779 553 918 585 natura
933 547 1105 586 remotis.

224 609 339 647 Tune
358 609 452 647 mihi
464 609 658 657 dominus,
673 624 802 650 rerum
816 611 987 663 imperiis
1000 611 1281 665 hominumque

222 674 301 714 Tot
311 675 508 726 tantisque
519 675 660 722 minor,
673 689 789 728 quem
802 683 862 715 ter
875 676 1048 715 vindicta
1062 683 1280 731 quaterque

219 740 409 792 Imposita
426 740 532 778 haud
551 753 722 791 unquam
741 740 882 780 misera
898 740 1106 779 formidine
1123 741 1279 793 privet?

219 804 339 844 Adde
357 817 489 855 super,
508 804 622 843 dictis
640 806 746 856 quod
764 818 842 843 non
860 805 983 844 levius
1000 805 1152 844 valeat:
1171 817 1263 846 nam

219 868 311 908 Sive
329 868 496 907 vicarius
514 875 588 915 est,
616 868 683 920 qui
701 882 813 908 servo
830 877 956 923 paret,
985 870 1042 908 uti
1060 869 1144 909 mos
1203 870 1278 923 [pe

217 933 360 972 Vester
372 933 511 980 ait‚seu
524 946 746 978 conservus3
758 934 829 972 tibi
841 934 937 986 quid
947 946 1034 972 sum
1045 935 1142 986 ego?
1157 933 1279 974 Nem·

218 997 297 1046 Tu,
315 998 411 1036 mihi
430 999 497 1050 qui
516 998 729 1050 imperitas,
757 998 842 1036 aliis
859 998 979 1037 servis
997 999 1129 1046 miser,
1142 1001 1262 1052 utq'ue

217 1064 403 1110 Duceris‚
430 1070 476 1101 ut
493 1063 622 1101 nervis
640 1063 777 1101 alienis
794 1063 938 1102 mobile
956 1063 1119 1116 lignum.
1166 1065 1280 1115 [ειυς

213 1129 404 1173 Quisnam
422 1128 542 1180 igitur
559 1127 683 1167 liber?
707 1127 892 1179 Sapiens;
916 1127 991 1166 sibi
1009 1128 1076 1180 qui
1096 1128 1276 1180 imperio-

216 1196 346 1238 Quem
363 1207 492 1246 neque
510 1193 733 1245 pauperies,
753 1205 883 1245 neque
901 1205 1019 1240 mors,
1046 1204 1176 1246 neque
1193 1193 1276 1232 vin-

422 1259 511 1298 cula
527 1265 676 1297 terrent
691 1274 701 1303 ;

213 1326 461 1377 Responsare
479 1323 742 1382 cupidinibus,
757 1329 1010 1361 contemnere
1027 1322 1211 1372 honores,

213 1390 355 1436 Fortis,
375 1395 415 1426 et
433 1388 472 1425 in
491 1388 618 1439 seipso
636 1394 764 1431 totus;
782 1393 886 1425 teres
904 1393 1022 1438 atque
1041 1387 1248 1435 rotundus,

213 1453 381 1493 Externi
399 1465 450 1490 ne
470 1451 565 1504 quid
582 1451 708 1489 valeat
725 1464 796 1502 per
815 1450 901 1490 leve
917 1451 1088 1496 morari;

213 1520 261 1559 In
281 1533 396 1571 quem
411 1530 552 1556 manca
569 1517 648 1555 ruit
665 1529 820 1567 semper
839 1515 1023 1555 Fortuna.
1050 1515 1222 1555 Potesne

216 1585 281 1623 Ex
300 1585 374 1632 his,
394 1591 437 1621 ut
455 1582 670 1635 proprium,
691 1582 786 1634 quid
803 1581 990 1620 noscere?
1019 1581 1202 1634 Quinque
1215 1589 1272 1621 ta-

418 1650 525 1696 lenta

212 1715 346 1755 Poscit
357 1722 398 1752 te
410 1713 563 1759 mulier,
578 1719 710 1758 vexat,
722 1711 948 1762 foribusque
962 1709 1164 1762 repulsum

209 1779 418 1820 Perfundit
436 1778 589 1829 gelida:
618 1790 750 1815 rursus
768 1783 896 1815 vocat.
924 1775 1044 1827 Eripe
1061 1775 1166 1826 turpi

208 1846 322 1885 Colla
329 1846 443 1895 jugo:
463 1843 597 1889 Liber,
611 1843 710 1880 liber
728 1855 828 1888 sum,
847 1841 911 1879 dic
929 1853 1017 1892 age.
1035 1840 1138 1892 ¹Non
1157 1840 1244 1891 quis
1256 1854 1269 1878 ε

210 1911 366 1961 Urguet
378 1907 480 1947 enim
499 1907 677 1946 dominus
692 1914 865 1945 mentem
884 1917 963 1942 non
977 1904 1089 1951 lenis,
1105 1915 1146 1943 et
1159 1917 1270 1942 acres

210 1975 415 2026 Subjectat
434 1973 533 2010 lasso
552 1971 741 2017 stimulos,
769 1976 974 2020 versatque
993 1976 1217 2020 negantem.

208 2039 286 2078 Vel
311 2051 400 2077 cum
427 2037 614 2075 Pausiaca
633 2043 778 2087 torpes,
806 2035 953 2079 insane,
981 2033 1139 2080 tabella,

207 2106 287 2147 Qui
299 2114 440 2155 peccas
454 2101 594 2147 minus,
604 2107 719 2151 atque
735 2113 824 2151 ego,
839 2112 928 2138 cum
943 2098 1052 2136 Fulvi
1067 2098 1266 2136 Rutubae-

207 2170 291 2210 Aut
310 2165 561 2214 Placideiani‚
582 2172 767 2206 contento
786 2163 933 2217 poplite
951 2163 1070 2206 miror
1140 2164 1257 2218 [que,
