1378 2534
179 265 230 302 524
465 264 785 307 SERMONUM
836 267 868 306 1.
920 281 956 307 v.
1117 282 1152 309 v.
1171 270 1234 312 78.

181 374 388 413 Ostentare
406 375 513 424 mihi,
542 390 638 429 quos
657 385 779 417 torret
798 379 1014 424 Atabulus;
1040 387 1081 418 et
1100 392 1197 432 quos

178 440 389 493 Nunquam
408 454 644 493 erepsemus,
672 443 743 481 nisi
761 457 832 482 nos
849 444 977 483 vicina
995 445 1140 484 Trivici

176 506 279 544 Villa
298 508 522 559 recepisset,
549 508 751 547 lacrimoso
770 522 847 547 non
865 510 947 548 sine
965 510 1087 558 fumo,

173 572 284 611 Udos
304 586 392 612 cum
410 573 510 611 foliis
530 586 656 619 ramos
675 581 812 611 urente
831 574 994 613 camino.

171 637 253 675 Hic
273 651 346 689 ego
364 637 593 675 mendacem
613 638 858 676 stultissimus
877 651 999 691 usque
1017 639 1185 691 puellam

171 702 239 740 Ad
257 702 424 741 mediam
443 709 598 740 noctem
615 709 802 754 exspecto
815 717 824 740 :
837 716 992 742 somnus
1011 711 1140 743 tamen
1155 717 1223 744 au-

168 766 370 804 Intentum
384 766 546 804 Veneri:
559 774 641 805 tum
658 767 856 806 immundo
867 768 1016 807 somnia
1025 769 1110 808 visu
1123 769 1224 819 [fert

169 830 413 869 Nocturnam
438 838 586 869 vestem
610 833 820 880 maculant,
850 841 1104 885 ventremque
1132 846 1196 872 su-

299 884 302 888 *
373 897 520 948 pinum.
1077 912 1079 914 ’
1124 898 1129 902 ’

165 963 343 1004 Quatuor
361 961 453 999 hinc
472 961 642 1012 rapimur
659 961 796 1013 viginti
814 969 855 1000 et
872 963 992 1001 millia
1009 962 1155 1010 rhediS,

164 1026 343 1065 Mansuri
362 1026 561 1077 oppidulo,
591 1027 695 1078 quod
713 1026 828 1066 vei-su
846 1028 977 1078 dicere
995 1027 1073 1068 non
1092 1037 1166 1076 est,

165 1091 295 1142 Signis
323 1090 507 1142 perfacile
527 1098 608 1128 est:
636 1092 742 1129 venit
759 1092 940 1131 vilissima
958 1105 1088 1132 rerum

161 1155 362 1206 Hic'aqua
377 1169 386 1192 :
415 1155 484 1192 sed
502 1155 612 1206 panis
630 1155 748 1207 longe
765 1156 1064 1207 pulcherrimus,
1082 1158 1185 1198 ultra

160 1219 334 1259 Callidus
354 1227 396 1257 ut
415 1220 536 1257 soleat
556 1220 725 1257 humeris
742 1228 898 1271 portare
915 1221 1060 1267 viator3

163 1284 266 1323 Nam
287 1279 432 1322 Canusi
450 1283 660 1334 lapidosus,
688 1297 812 1335 aquae
831 1298 908 1323 non
928 1286 1044 1324 ditior
1062 1299 1183 1326 urna:

158 1349 236 1391 Qui
255 1349 363 1386 locus
382 1361 405 1385 a
422 1348 513 1386 forti
534 1347 726 1386 Diomede
745 1356 804 1386 est
823 1349 1003 1388 conditus
1020 1350 1127 1389 olim.·

158 1412 359 1451 Flentibus
378 1412 441 1449 hic
465 1412 602 1450 Varius
621 1412 978 1452 disceditmoestus
995 1415 1142 1454 amicis.

157 1477 255 1516 Inde
276 1477 410 1514 Rubos
428 1476 517 1514 sessi
536 1477 796 1528 pervenimus,
824 1485 960 1530 utpote
977 1479 1139 1530 longum

157 1544 372 1593 Carpentes
392 1542 479 1587 iter,
507 1549 547 1579 et
566 1541 710 1580 factum
733 1543 951 1594 corruptIus
969 1543 1096 1582 imbri.

155 1606 318 1645 Postera
337 1613 547 1656 tempestas
566 1607 715 1653 melior,
742 1607 804 1645 via
821 1609 945 1658 pejor,
964 1608 1140 1660 adusque

152 1673 244 1711 Bari
262 1671 415 1710 moenia
432 1671 586 1723 piscosi.
615 1671 771 1710 Dehinc
791 1671 949 1720 Gnatia,
976 1673 1147 1725 lymphis

150 1737 264 1775 Iratis
284 1733 496 1782 exstructa,
525 1736 633 1774 dedit
652 1736 826 1788 risusque
841 1738 1044 1788 jocosque,

149 1801 257 1839 Dum
276 1800 431 1838 flamma
447 1800 530 1838 sine
549 1808 637 1839 tura
654 1801 870 1853 liquescere
889 1801 1021 1839 limine
1039 1814 1151 1841 sacro

149 1866 389 1904 Persuadere
409 1866 529 1916 cupit.
559 1866 705 1904 Credat
722 1866 897 1904 Judaeus
917 1866 1060 1917 Apella
1072 1882 1090 1912 ;v

148 1930 239 1968 Non
259 1942 351 1980 ego:
371 1942 538 1980 namque
553 1930 647 1968 deos
666 1930 784 1968 didici
803 1943 983 1968 securum
1002 1943 1119 1982 agere
1136 1943 1201 1970 ae-

146 1996 248 2043 Nec,
268 1995 299 2032 si
318 1994 410 2046 quid
429 1994 513 2031 miri
532 1994 650 2033 faciat
670 1995 834 2042 Natura,
853 1995 946 2033 deos
965 1995 1006 2033 id
1063 1997 1203 2046 [vum3

146 2060 303 2099 Tristes
312 2071 362 2097 ex
382 2058 461 2096 alto
480 2059 579 2096 coeli
598 2059 803 2098 demittere
821 2066 941 2098 tecto.

146 2123 393 2172 Brundisium
412 2123 551 2174 longae
570 2122 656 2162 finis
675 2123 912 2176 chartaeque
930 2123 1105 2178 viaeque.
1125 2142 1128 2146 ’
