1378 2534
102 235 141 267 'v-
158 228 247 270 272.
430 224 538 264 ARS
591 222 848 262 POETICA.
1084 226 1157 263 155

103 336 166 376 Ne
185 337 313 375 dicam
329 335 461 382 stulte,
479 333 620 380 mirati,
652 333 684 372 si
698 333 814 372 modo
832 346 907 384 ego
925 339 966 370 et
981 345 1049 371 vos

102 401 256 440 Scimus
273 401 502 439 inurbanum
520 398 649 450 lepido
666 409 855 450 seponere
879 397 999 443 dicto,

97 465 415 517 Legitimumque
432 475 570 502 sonum
588 461 719 513 digitis
737 462 920 501 callemus
938 469 979 500 et
996 474 1100 500 aure.

100 529 285 581 Ignotum
301 528 473 580 tragicae
491 539 614 579 genus
633 527 822 566 invenisse
836 539 1019 566 camenae

100 595 271 643 Dicitur,
290 602 331 634 et
348 594 527 647 plaustris
544 592 695 631 vexisse
713 595 892 644 poemata
910 592 1075 644 Thespis

101 660 180 703 Qui
198 666 385 698 canerent
398 665 636 711 agerentque
650 658 829 710 peruncti
843 657 1015 696 faecibus
1039 670 1119 695 ora.

102 723 197 763 Post
207 725 312 763 hunc
324 736 527 776 personae,
538 722 740 774 pallaeque
751 730 926 774 repertor
936 722 1136 768 honestae,

99 789 335 841 Aeschylus,
354 796 395 827 et
412 787 573 826 modicis
591 787 765 825 instravit
782 787 932 838 pulpita
948 787 1080 838 tignis,

99 853 153 893 Et
170 853 304 892 docuit
320 865 580 904 magnumque
598 852 718 903 loqui,
746 852 894 903 nitique
919 852 1122 890 cothurno.

100 917 297 957 Successit
312 925 423 955 vetus
441 917 501 955 his
520 916 744 963 Comoedia,
763 929 841 954 non
859 916 942 954 sine
961 916 1084 954 multa

97 982 234 1021 Laude
249 998 260 1027 ς
285 981 355 1020 sed
372 981 412 1019 in
424 981 560 1019 vitium
579 981 735 1019 libertas
753 980 915 1028 excidit,
935 987 975 1018 et
993 981 1071 1019 vim

97 1045 269 1097 Dignam
286 1046 375 1096 lege
394 1046 498 1096 regi:
525 1045 590 1083 lex
609 1053 667 1083 est
685 1052 860 1096 accepta,
880 1045 1098 1097 chorusque

98 1109 283 1162 Turpiter
299 1109 478 1156 obticuit,
496 1109 647 1148 sublato
660 1110 749 1159 jure
763 1108 943 1147 nocendi.

96 1175 165 1214 Nil
183 1176 414 1214 intentatum
431 1174 552 1212 nostri
569 1173 718 1226 liquere
738 1175 877 1224 poe‘tae
892 1188 903 1211 :

97 1239 184 1278 Nec
202 1239 401 1278 minimum
420 1234 595 1277 meruere
615 1238 734 1277 decus
747 1237 910 1289 vestigia
928 1237 1084 1282 Graeca

97 1304 195 1343 Ausi
214 1304 407 1350 deserere,
435 1310 476 1342 et
493 1303 691 1341 celebrare
709 1303 922 1341 domestica
938 1303 1056 1350 facta,

94 1368 169 1406 Vel
186 1367 252 1419 qui
269 1374 504 1419 praetextas,
522 1367 584 1405 vel
602 1366 669 1419 qui
691 1366 860 1406 docuere
878 1374 1045 1418 togatas.

94 1432 181 1471 Nec
200 1431 341 1470 virtute
360 1432 462 1470 foret
480 1431 640 1470 clarisve
658 1432 858 1483 potentius
875 1432 1005 1479 armis,

94 1499 223 1540 Quam
239 1496 385 1548 lingua,
405 1495 573 1543 Latium,
601 1495 633 1533 si
650 1509 728 1534 non
748 1496 961 1536 offenderet
985 1511 1120 1537 unum—

95 1563 299 1612 Quemque
317 1561 518 1612 poetarum
535 1560 650 1599 limae
668 1561 790 1607 labor,
805 1569 846 1600 et
864 1575 982 1600 mora.
998 1561 1092 1610 Vos,
1104 1576 1128 1601 o

94 1625 307 1676 Pompilius
325 1625 480 1675 sanguis
495 1627 504 1664 Ε
523 1638 678 1663 carmen
696 1626 933 1677 reprendite,
946 1627 1049 1678 quod
1066 1640 1145 1669 non

92 1689 229 1738 Multa,
237 1688 333 1735 dies,
352 1695 392 1726 et
409 1689 532 1727 multa
548 1689 664 1726 litura
681 1690 870 1735 coercuit,
889 1697 1006 1741 atque

92 1753 344 1792 Praesectum
363 1752 493 1791 decies
511 1766 588 1791 non
607 1754 810 1804 castigavit
823 1754 874 1792 ad
893 1768 1076 1806 unguem·

91 1817 296 1868 Ingenium
315 1816 455 1855 misera
472 1817 562 1869 quia
578 1817 810 1856 fortunatius
828 1826 911 1856 arte

92 1882 240 1928 Credit,
254 1888 295 1919 et
313 1881 486 1920 excludit
504 1894 616 1920 sanos
635 1882 826 1921 Helicone
840 1885 989 1934 poetas,

92 1946 357 1993 Democritus,
375 1947 479 1985 bona
492 1959 580 1998 pars
594 1961 672 1985 non
690 1960 839 1999 ungues
852 1961 998 2000 ponere
1016 1959 1140 1999 curat,

15 2021 20 2024 ·
90 2011 183 2050 Non
199 2012 356 2049 barbam
372 2027 382 2055 ;
407 2019 558 2050 secreta
574 2012 673 2064 petit
690 2012 789 2058 loca,
808 2013 946 2051 balnea
970 2014 1078 2053 vitat.

90 2075 350 2114 Nanciscetur
366 2076 470 2114 enim
487 2076 655 2128 pretium
674 2090 892 2129 nomenque
909 2080 1062 2130 poetae,

91 2139 134 2178 Si
151 2140 272 2180 tribus
290 2140 491 2193 Anticyris
509 2149 626 2194 caput
644 2142 854 2181 insanabile
874 2156 1068 2194 nunquam
