1378 2534
214 239 287 276 186
601 234 868 275 NOTULAE

483 326 531 352 IN
558 325 644 352 Lm.
671 326 719 352 11.
749 326 1001 354 SERMONUM.

263 411 317 448 ΙΙ.
332 412 417 450 124.
437 410 513 449 Pro
526 411 630 462 vulg.
642 415 697 458 ut,
709 411 799 449 edd.
811 410 961 462 priscae
972 418 1012 450 et
1023 407 1271 451 membranae

215 476 359 528 plures,
378 476 501 514 sinon
513 489 660 522 omneS,
679 475 843 514 ita—ita
855 476 1018 523 scilicet,
1038 484 1082 515 ut
1092 478 1172 527 jam
1187 483 1271 514 tum

218 540 414 590 surgebat.
467 540 590 578 Illust.
616 538 775 591 Heynio
793 540 891 579 haec
909 540 1054 579 locutio
1078 540 1201 592 petita
1217 540 1273 578 vi-

219 603 384 641 debatur
401 617 425 642 a
450 603 616 642 formula
646 605 846 656 precandi,
873 604 1102 644 obtestandi.
1127 604 1182 643 ita
1199 604 1272 643 viz.

220 674 264 705 ut
270 670 357 721 jam
375 674 452 706 tum
463 670 705 721 precabatur,
733 668 825 707 votis
842 668 1044 721 expetebat.

748 733 826 771 Ad.
845 733 955 784 Virg.
973 733 1094 772 Geor.
1111 732 1144 770 1.
1159 735 1248 772 320.

276 801 362 836 134.
415 798 553 836 Dictus
577 803 659 836 erat
691 797 767 835 alii.
833 797 909 836 Pro
939 797 1053 844 cedet,
1090 810 1190 836 unus
1220 809 1273 835 ex

219 861 447 900 Bersmanni
466 862 580 900 codd.
599 862 708 908 cedit,
737 862 842 913 quod
859 861 995 899 melius
1012 860 1178 899 videtur.

267 926 343 963 111.
374 929 408 964 l.
464 926 507 963 Si
524 925 659 964 scribes
678 925 799 963 MSS.
819 925 989 976 quidam.

268 993 332 1030 25.
385 990 496 1028 Libri
515 990 648 1041 scripti
664 989 898 1028 Mercuriale
908 1006 926 1034 ;
955 989 1151 1041 Cuningh.
1169 991 1270 1040 conj.

220 1054 462 1101 Mercuriali,
490 1067 589 1106 quae
607 1067 700 1092 vera
717 1054 834 1092 lectio
852 1054 1017 1092 videtur.

268 1123 332 1159 39.
385 1119 463 1157 Pro
481 1125 603 1172 urget,
631 1118 742 1157 multi
761 1118 876 1157 codd.
897 1118 1016 1170 angit.

261 1187 327 1224 56.
389 1184 540 1222 Varium
568 1184 830 1230 membranae,
867 1183 999 1230 credo,
1027 1195 1160 1221 omnes
1175 1196 1186 1221 =
1223 1190 1265 1222 at

219 1260 348 1287 varum
367 1249 611 1295 scholiastae,
639 1248 775 1286 Acron
794 1255 835 1285 et
853 1246 1110 1299 Porphyrion.
1145 1251 1172 1271 “
1200 1247 1270 1285 Va-

220 1317 248 1337 “
275 1327 357 1351 rum
375 1313 492 1351 etiam
512 1326 559 1352 eo
579 1312 735 1350 nomine
753 1312 895 1362 placet,
923 1311 1028 1362 quod
1054 1311 1121 1349 illo
1148 1311 1271 1349 utitur

220 1381 247 1401 “
273 1378 360 1428 plus
379 1377 498 1416 semel
517 1377 688 1414 imitator
706 1375 1058 1422 nostri,-Persiue.”
1111 1375 1242 1413 Gnsx.

267 1445 331 1480 93.
387 1441 510 1479 Codd.
525 1439 718 1478 Blandinii
734 1439 910 1490 Cruquii,
925 1445 966 1477 et
979 1438 1058 1477 duo
1076 1451 1128 1477 ex
1146 1438 1266 1477 Bent-

216 1504 367 1552 leianis,
377 1504 550 1556 perisset.
603 1503 746 1542 Parum
764 1504 896 1541 refert.

270 1570 357 1607 129.
410 1567 487 1605 Pro
506 1573 603 1614 tuos,
632 1567 719 1605 cod.
749 1566 853 1604 Han.
885 1565 1052 1604 Gesneri
1079 1572 1156 1605 tuo.
1207 1566 1270 1606 Ita

217 1632 309 1672 olim
324 1645 375 1671 ex
388 1633 615 1683 conjectura
630 1631 903 1670 emendaverat
917 1630 1014 1670 Tan.
1029 1629 1165 1670 Faber.
1178 1631 1268 1670 vid.

217 1697 414 1748 Cuningh.
509 1690 515 1693 ”

273 1763 359 1799 132.
413 1760 641 1798 Retinemus
674 1759 882 1799 lectionem
909 1759 1122 1810 vulgarem,
1153 1772 1272 1811 quam

218 1825 363 1876 optime
383 1825 558 1863 defendit
576 1825 798 1869 Bentleius;
825 1831 866 1862 et
883 1831 1013 1862 tamen
1031 1823 1205 1862 edidit—-

218 1901 402 1941 Incolumi
417 1902 538 1954 capite
550 1915 587 1941 es
599 1902 620 1939 ,2
638 1913 792 1943 QU1DN1
807 1902 820 1939 ἒ
850 1914 966 1952 neque
977 1911 1087 1938 mum
1097 1900 1270 1952 hocstzcis
1314 1891 1319 1896 ¹

1113 1964 1268 2017 [Argis.

218 2030 367 2070 scilicet
385 2030 479 2082 quid
494 2031 535 2068 ni
551 2043 622 2082 pro
641 2030 735 2083 quid
749 2041 873 2076 muM,
892 2042 942 2067 ex
957 2035 1123 2080 quatuor
1141 2029 1267 2068 Pulm.

218 2096 332 2135 codd.
351 2102 391 2134 et
409 2095 505 2133 enim
523 2109 593 2146 pro
612 2102 652 2133 tu
671 2109 722 2134 ex
740 2094 876 2133 Lamb.
896 2095 1133 2144 conjectura.

267 2163 354 2200 133.
407 2159 485 2199 Pro
503 2160 608 2214 vulg.
626 2159 772 2207 occidit,
800 2158 1001 2198 Bentleius
1032 2171 1084 2198 ex
1114 2165 1265 2212 septem
