1378 2534
107 264 145 291 v.
164 254 220 294 1.,
321 246 722 292 EPISTOLARUM
774 246 807 284 L
861 247 940 286 xvi.
1089 251 1157 287 111

468 513 639 552 EPIST.
692 512 800 551 XVI.

461 654 522 680 An
551 653 810 684 QUINCTIUM.

112 747 178 786 Nn
195 746 449 800 perconteris,
466 746 610 785 fundus
627 760 750 793 meus,
769 745 904 798 optimi
923 746 1099 794 Quincti,

112 812 221 850 Arvo
237 818 371 864 pascat
387 811 538 857 herum,
557 822 607 849 an
625 810 755 848 baccis
773 809 977 861 opulentet
995 810 1133 857 olivae,

109 875 303 923 Pomisne‚
321 888 372 914 an
388 875 521 927 pratis,
539 887 590 914 an
608 875 751 914 amicta
766 874 910 912 vitibus
928 874 1032 913 ulmo
1047 891 1058 919 ;

110 940 311 980 Scribetur
328 940 399 978 tibi
416 939 540 979 forma
558 939 787 991 loquaciter,
805 946 846 978 et
864 939 959 978 situs
976 940 1073 991 agri.

110 1004 296 1044 Continui
314 1011 480 1051 montes,
506 1004 546 1042 ni
565 1003 822 1043 dissocientur
839 1016 962 1055 opaca

110 1069 223 1107 Valle
235 1084 247 1113 ;
263 1068 335 1106 sed
345 1076 390 1106 ut
401 1069 561 1108 veniens
572 1069 754 1108 dextrum
766 1068 867 1106 latus
879 1068 1068 1120 adspiciat
1080 1068 1162 1116 Sol,

109 1132 284 1171 Laevum
301 1131 496 1171 decedens
514 1145 631 1170 curru
646 1132 823 1183 fugiente
839 1139 1014 1183 vaporet.

111 1195 359 1248 Temperiem
375 1195 523 1234 laudes.
550 1195 669 1242 Quid,
695 1196 727 1234 si
746 1196 962 1235 rubicunda
977 1196 1138 1248 benigni

110 1261 241 1300 Coma
257 1273 396 1312 vepres
413 1268 454 1299 et
467 1273 592 1311 pruna
607 1261 738 1299 ferunt
752 1261 766 1299 ?
782 1261 814 1299 si
832 1274 1013 1313 quercuS,
1027 1269 1069 1300 et
1082 1262 1161 1307 ilex

109 1325 240 1364 Multa
248 1325 362 1377 fruge
375 1338 510 1377 pecus,
528 1325 652 1364 multa
668 1325 866 1364 dominum
879 1327 990 1377 juvat
1008 1327 1160 1364 umbra?

60 1408 63 1410 ·
108 1392 230 1432 Dicas
247 1391 461 1431 adductum
477 1390 635 1442 propius
652 1389 834 1430 frondere
854 1391 1080 1430 Tarentum.

108 1456 211 1495 Fons
229 1455 345 1495 etiam
363 1456 445 1494 rivo
464 1455 557 1493 dare
574 1468 717 1493 nomen
735 1455 910 1502 idoneus,
929 1463 974 1494 ut
991 1469 1066 1494 nec

109 1521 305 1573 Frigidior
323 1520 515 1560 Thtacam
533 1534 606 1559 nec
623 1520 756 1572 purior
773 1521 918 1559 ambiat
935 1520 1109 1568 Hebrus,

108 1585 267 1623 Infit-mo
285 1584 403 1636 capiti
421 1585 508 1623 fluit
524 1586 643 1631 utilis,
662 1585 767 1624 utilis
784 1586 891 1624 alvo.-

108 1650 199 1690 Hae
218 1650 391 1688 latebrae
409 1649 560 1696 dulces,
573 1650 706 1696 etiam,
723 1650 756 1687 si
775 1650 916 1697 credis,
935 1664 1136 1699 amoenae,

107 1714 349 1753 Incolumem
366 1713 439 1752 tibi
450 1726 513 1751 me
525 1720 724 1765 praestant
739 1713 1032 1764 Septembribus
1043 1715 1160 1754 horis.

109 1779 172 1818 Tu
190 1786 298 1818 recte
316 1778 427 1826 vivis,
446 1778 478 1816 si
497 1790 609 1816 curas
627 1790 712 1815 esse
731 1778 836 1829 quod
853 1778 981 1817 audis:

108 1843 309 1882 Jactamus
323 1842 555 1894 jampridem
570 1841 694 1879 omnis
712 1849 751 1879 te
771 1841 897 1880 Roma
914 1843 1088 1881 beatum.

110 1907 188 1944 Sed
204 1919 355 1953 vereor,
372 1919 424 1944 ne
442 1906 507 1946 cui
525 1906 574 1944 de
592 1913 633 1943 te
650 1906 737 1957 plus
755 1918 870 1958 quam
889 1906 958 1945 tibi
976 1908 1134 1952 credam

108 1970 220 2008 Neve
238 1978 354 2022 putes
371 1970 487 2011 alium
506 1971 679 2022 sapiente
698 1972 878 2022 bonoque
896 1972 1053 2011 beatum
1068 1987 1079 2016 ς

109 2033 212 2080 Neu,
231 2034 263 2072 si
282 2042 321 2072 te
340 2035 505 2086 populus
522 2048 657 2074 sanum
675 2043 860 2087 recteque
878 2036 1070 2075 valentem

109 2097 291 2144 Dictitet,
310 2099 502 2139 occultam
519 2099 669 2138 febrem
687 2100 759 2138 sub
778 2107 930 2152 tempus
948 2102 1089 2141 edendi

110 2158 354 2208 Dissimules,
373 2162 499 2203 donec
513 2164 689 2204 manibus
703 2171 849 2204 tremor
859 2165 1007 2204 incidat
1020 2166 1159 2207 unctis.
