1378 2534
470 248 739 290 NOTULAE
1082 250 1158 291 175

375 338 424 366 m
450 338 536 366 un.
562 339 593 366 1.
619 337 872 389 sannorum.

155 423 227 463 lx.
235 425 301 464 69.
327 421 406 463 Pro
416 423 494 462 «ἐπ’
508 429 565 471 tu,
583 422 799 470 Bentleius,
813 421 932 461 etiam
942 421 1070 461 invitis
1084 435 1150 462 co-

103 486 269 535 dicibus,
285 487 342 528 vis
357 492 412 527 tu.

170 579 543 594 ...
562 551 713 603 Legem
740 551 814 590 sibi
831 551 975 591 dixerit
991 553 1074 605 ipse
1087 566 1100 591 ε

103 631 132 654 “
167 629 229 668 Vis
245 635 287 668 tu
304 642 383 668 non
401 629 676 681 interrogantis
689 629 806 668 modo
824 636 896 676 est,
925 636 968 668 ut
984 630 1062 668 vin’
1075 636 1118 668 tu
1131 646 1150 676 ,-

103 697 132 719 ⁸⁴
157 694 227 733 sed
242 694 399 741 orantis,
412 693 616 741 hortantis,
629 693 854 746 flagitantis,
860 694 1047 744 jubentis.
1090 694 1154 733 Vis

102 762 132 784 “
157 765 199 797 tu
223 758 384 798 homines
415 752 611 810 urbemqsse
623 757 732 810 seris
754 771 989 811 praeponere
1017 758 1154 798 silvis?

102 826 131 847 ‘⁶
156 823 234 862 hoc
250 829 323 870 est,
349 835 400 861 an
431 821 580 861 dubitas
589 822 855 875 praeponere?
871 835 1078 876 praepone,
1108 838 1152 862 a·

103 891 132 912 “
157 886 276 935 maha,
301 886 336 926 si
350 886 494 939 sapis-'³
549 886 642 934 Sed,
677 887 733 926 ita
750 886 1005 935 intellectum,
1036 888 1152 928 vista

102 950 260 990 minime
277 951 370 990 huic
388 951 477 989 loco
503 950 711 990 convenire
727 958 870 1003 potest.

153 1017 217 1058 73.
275 1015 368 1054 Tam
385 1015 477 1054 mihi
491 1015 695 1054 surrexisse
706 1016 856 1069 nigrum
871 1016 959 1056 cod.
970 1017 1151 1070 Gotting.

102 1079 282 1119 Gesneri.

150 1144 216 1186 76.
269 1143 332 1183 Ex
349 1144 500 1183 duobus
532 1144 759 1183 Bersmanni
778 1145 893 1184 codd.
911 1152 953 1184 et
982 1154 1151 1198 quatuor

100 1219 124 1247 e
141 1208 234 1256 suis,
261 1208 389 1247 Bentl.
407 1208 529 1246 edidit
546 1208 734 1256 inclamat,
761 1209 787 1247 i.
805 1221 840 1247 e.
858 1210 1046 1262 increpat.

151 1271 202 1311 X.
226 1274 265 1312 5.
317 1272 395 1312 Pto
412 1286 513 1321 nam,
531 1273 645 1312 codd.
660 1273 816 1326 quidam
830 1287 917 1312 num
929 1290 945 1313 .-
964 1281 1045 1314 tres
1055 1275 1148 1314 edd.

45 1340 50 1345 '
99 1343 195 1376 vett.
220 1350 307 1377 non.

149 1403 214 1440 21.
269 1400 392 1447 Quinc
399 1402 543 1455 putetis
555 1403 576 1440 ,9
601 1402 626 1441 i.
644 1415 680 1441 e.
698 1415 818 1442 vosne
835 1404 1010 1455 putetis?

148 1467 213 1507 27.
265 1466 468 1519 Patrisque
485 1467 622 1506 Latini
638 1480 772 1506 omnes
789 1475 880 1506 ante
898 1467 1146 1517 Lambinum,

98 1530 165 1582 qui
181 1531 342 1582 primus,
376 1544 428 1570 ex
447 1532 598 1570 duobus
629 1531 829 1571 codicibus
857 1533 1146 1585 antiquissimiS,

99 1594 351 1642 Tomesiano,
378 1603 420 1634 et
437 1609 515 1635 uno
533 1609 556 1634 e
574 1596 786 1642 Vaticanis,
804 1596 944 1635 Latine
960 1598 1146 1644 restituit,

98 1658 349 1710 prohantibus
361 1658 451 1698 viris
465 1659 604 1706 doctis,
624 1658 822 1706 Turnebo,
842 1659 1028 1711 Cruquio,
1048 1661 1147 1699 Tor-

97 1722 238 1769 rentio,
264 1723 330 1774 qui
357 1723 563 1775 plerosque
581 1727 715 1762 omnes
743 1736 813 1762 sua
842 1724 1074 1763 auctoritate
1103 1725 1144 1763 in

95 1785 198 1825 hanc
215 1794 365 1838 partem
383 1794 613 1826 traxerunt:
640 1795 700 1827 est
716 1788 821 1826 enim
839 1788 929 1826 inde
946 1800 971 1826 a
987 1787 1145 1827 Lambi-

97 1862 148 1889 no
166 1850 283 1890 lectio
300 1851 480 1903 vulgaris.
533 1852 641 1891 Huic
659 1851 818 1891 lectioni
842 1851 1071 1904 susti-agatur
1101 1866 1144 1891 e-

95 1914 188 1953 tiam
206 1922 316 1954 vetus
335 1923 617 1955 commentator
636 1916 810 1968 Cruquii,
839 1916 906 1968 qui
918 1917 1069 1955 exsudet
1086 1918 1144 1956 in·

97 1985 410 2030 terpretatur—“
428 1994 518 2020 cum
532 1981 673 2020 sudore
686 1988 790 2032 agat,
816 1981 892 2020 hoc
906 1989 978 2029 est,
1003 1983 1145 2023 Latine

96 2047 125 2068 “
151 2044 382 2094 pronunciet
399 2057 542 2096 magno
559 2045 688 2083 studio
706 2052 748 2083 et
778 2044 1002 2085 instantia.²'
1066 2047 1143 2087 Ea-

96 2107 186 2146 dem
204 2108 319 2146 etiam
336 2108 376 2147 in
395 2109 532 2148 codice
563 2109 769 2148 Blandinio
785 2110 1044 2150 vetustissimo
1075 2111 1143 2150 ad-

96 2177 231 2210 notata
247 2184 331 2211 esse
349 2179 513 2213 testatur
544 2174 765 2226 Cruquius;
805 2179 833 2199 “
859 2187 973 2226 quae,
1000 2175 1141 2227 inquit,
