1378 2534
347 452 398 495 Q·
425 446 664 489 HORATII
692 449 891 490 FLACCI

132 607 1103 672 SERMONUM

477 797 647 836 LIBER
698 796 753 836 11.

486 960 742 984 Ξ

473 1089 680 1128 SATIRA
733 1089 767 1127 1.

96 1234 227 1280 Smer,
241 1234 380 1285 quibus
390 1233 431 1271 in
450 1233 578 1271 Satira
589 1233 724 1271 videor
733 1232 847 1270 nimis
865 1244 971 1278 acer,
988 1239 1030 1271 et
1042 1233 1146 1272 ultra

96 1299 247 1351 Legem
262 1298 425 1337 tendere
444 1311 541 1350 opus
555 1314 566 1342 3
584 1298 667 1335 sine
682 1298 809 1335 nervis
820 1291 944 1335 altera
955 1296 1147 1350 quidquid

95 1363 306 1416 Composui
323 1376 412 1415 pars
430 1376 515 1401 esse
533 1370 659 1414 putat,
685 1362 908 1413 similesque
927 1375 1103 1400 meorum

94 1427 209 1466 Mille
226 1427 290 1466 die
308 1440 440 1466 versus
458 1427 600 1466 deduci
618 1439 731 1478 posse
743 1441 754 1463 z
783 1426 959 1473 Trebati,

96 1493 203 1536 Quid
210 1482 350 1531 faciam
361 1493 595 1544 praescribe.
614 1492 815 1534 Quiescas.
834 1491 896 1528 Ne
914 1491 1068 1537 faciam,
1087 1491 1146 1529 in-

96 1558 266 1597 Omnino
277 1558 437 1596 versus?
458 1558 550 1595 Aio.
565 1557 729 1595 Peream
741 1556 856 1603 male,
871 1556 902 1594 si
917 1569 996 1595 non
1020 1557 1146 1608 [quis.

95 1622 297 1673 Optimum
308 1629 408 1660 erat:
427 1635 562 1660 verum
573 1634 727 1672 nequeo
742 1621 922 1659 dormire.
942 1621 1021 1658 Ter
1035 1621 1147 1659 uncti

93 1687 338 1725 Transnanto
357 1686 543 1732 Tiberim,
555 1700 689 1724 somno
702 1686 842 1737 quibus
861 1693 922 1724 est
933 1699 1031 1737 opus
1043 1687 1123 1724 alto
1134 1702 1147 1731 ;

89 1751 366 1802 {triguumque
383 1764 492 1789 mero
510 1752 581 1788 sub
600 1759 755 1789 noctem
776 1763 917 1802 corpus
935 1750 1120 1789 habento.

94 1816 194 1861 Aut,
220 1815 253 1852 si
270 1822 400 1852 tantus
419 1828 527 1853 amor
544 1815 739 1853 scribendi
758 1823 798 1853 te
817 1816 931 1867 rapit,
958 1815 1059 1853 aude

94 1880 270 1919 Caesaris
288 1880 420 1917 invicti
438 1893 500 1918 res
518 1880 664 1925 dicere,
691 1880 813 1917 multa
829 1880 1005 1918 laborum

93 1945 273 1983 Praemia
291 1945 451 1983 laturus.
480 1944 690 1997 Cupidum,
709 1953 821 1996 pater
840 1946 999 1996 optime,
1018 1946 1134 1984 vires·

92 2008 320 2046 Deficiunt:
348 2022 477 2060 neque
496 2010 599 2047 enim
619 2010 741 2061 quivis
758 2010 959 2054 horrentia
976 2009 1064 2060 pilis

97 2073 281 2123 Agmina,
308 2086 382 2111 nec
398 2074 523 2112 stacta
539 2082 747 2125 pereuntes
766 2074 926 2126 cuspide
944 2073 1095 2120 Gallos,

96 2137 182 2174 Aut
198 2136 362 2175 labentis
381 2151 481 2190 equo
500 2138 694 2176 describat
711 2139 871 2176 vulnera
890 2138 1037 2176 Parthi.

95 2201 283 2241 Attamen
301 2210 342 2240 et
354 2204 502 2253 justum
520 2211 675 2255 poteras
692 2211 734 2241 et
750 2204 920 2243 scribere
937 2203 1093 2248 fortem,

149 2265 216 2306 To
223 2280 268 2304 n.
302 2267 362 2306 11.
689 2270 722 2309 F
