1378 2534
125 287 161 316 v.
179 278 243 317 34.
403 275 722 318 SERMONUM
774 278 806 317 1.
845 279 885 318 ii.
1147 286 1175 326 7

125 386 220 426 Huc
226 389 390 438 juvenes
401 399 567 439 aequum
581 395 640 427 est
653 388 890 429 descendere
902 405 914 436 ς
939 403 1018 432 non
1031 392 1178 435 alienu

122 449 344 491 Permolere
357 465 512 491 uxores.
540 453 670 493 Nolim
683 454 888 503 laudarier,
906 456 1044 510 inquit,

124 514 190 554 Sic
204 527 280 563 me,
293 515 451 556 mirator
464 518 583 556 cunni
597 518 836 571 Cupiennius
853 521 942 561 albi.

121 579 272 619 Audire
286 587 346 619 est
360 593 501 632 operae
514 582 695 633 pretium,
709 585 920 635 procedere
935 596 1044 629 recte

120 643 199 687 Qui
211 644 395 684 moechos
408 658 486 685 non
505 647 631 694 vultis,
655 654 697 686 ut
711 649 815 686 omni
829 658 937 701 parte
950 652 1148 702 laborent3

119 706 252 760 thue
271 708 344 748 illis
361 709 483 749 multo
501 718 685 763 corrupta
701 711 834 752 dolore
852 715 1042 768 voluptas,

118 772 252 825 Atque
269 773 368 815 haec
386 787 485 822 rara,
504 775 618 815 cadat
635 776 731 816 dura
743 777 846 817 inter
858 792 974 833 saepe
987 785 1144 834 pericla.

118 835 200 877 Hic
212 851 254 877 se
268 839 521 892 praecipitem
534 847 641 880 tecto
655 841 783 880 dedit:
802 843 866 883 ille
879 845 1043 898 flagellis

116 899 184 940 Ad
194 909 360 942 mortem
370 915 517 943 caesus:
529 903 682 955 fugiens
693 906 757 944 hic
764 907 909 947 decidit
915 923 1043 952 acrem
1051 915 1072 964 [
1076 928 1170 955 mos:

115 963 360 1005 Praedonum
371 966 412 1005 in
423 968 588 1007 turbam:
600 969 709 1008 dedit
720 969 783 1010 hic
800 985 871 1023 pro
884 986 1047 1026 corpore
1059 991 1170 1019 num-

115 1028 237 1068 Hunc
248 1031 544 1080 perminxerunt
559 1033 736 1073 calones:
756 1036 849 1086 quin
863 1039 980 1078 etiam
994 1041 1091 1081 illud

115 1091 290 1139 Accidit,
317 1100 361 1132 ut
379 1095 533 1133 cuidam
551 1103 670 1135 testes
689 1100 930 1152 caudamque
947 1105 1115 1147 salacem

113 1156 346 1198 Demeteret
358 1158 516 1198 ferrum.
543 1161 569 1198 J
572 1174 654 1209 ure,
667 1175 826 1203 omnes:
846 1166 973 1208 Galba
986 1173 1166 1222 negabat.

114 1219 253 1260 Tutior
269 1229 311 1261 at
329 1230 476 1274 quanto
493 1238 605 1264 merx
617 1234 677 1266 est
693 1227 734 1265 in
754 1229 874 1269 classe
892 1234 1088 1275 secunda!

111 1283 414 1334 Libertinarum‚
433 1288 546 1334 dico;
573 1290 776 1331 Sallustius
793 1293 834 1332 in
853 1308 930 1346 qua

110 1347 202 1387 Non
208 1349 334 1389 minus
345 1351 500 1399 insanit,
508 1367 622 1408 quam
635 1356 702 1407 qui
713 1359 952 1398 moechatur.
966 1362 1022 1400 At
1033 1364 1111 1412 hic,
1120 1366 1164 1414 si,

110 1413 199 1457 Qua
215 1427 292 1462 res,
310 1428 388 1467 qua
405 1417 503 1457 ratio
522 1420 716 1468 suaderet,
735 1435 888 1474 quaque
907 1426 1085 1467 modeste

108 1478 302 1520 Munifico
316 1493 402 1520 esse
413 1481 521 1530 lieet,
544 1485 663 1524 vellet
676 1486 801 1526 bonus
815 1495 932 1540 atque
946 1491 1138 1544 benignus

107 1541 224 1588 Esse;
247 1544 372 1592 daret,
391 1553 579 1598 quantum
593 1548 686 1587 satis
704 1557 820 1598 esset,
840 1565 914 1591 nec
932 1554 1004 1593 sibi
1020 1557 1163 1597 damno

106 1605 381 1660 Dedecorique
390 1608 505 1650 foret.
514 1611 659 1652 Verum
671 1613 747 1653 hoc
759 1628 800 1654 se
812 1617 1059 1668 amplectitur
1071 1635 1163 1670 uno,

107 1669 200 1710 Hoc
206 1671 401 1718 amauhoe
407 1673 552 1713 laudat:
562 1675 784 1718 Matronam
796 1680 941 1719 nullam
948 1695 1024 1734 ego
1031 1691 1162 1736 tango:

108 1734 165 1773 Ut
183 1735 380 1786 quondam
398 1737 617 1787 Mnrsaeuffi
641 1749 790 1782 amator
808 1743 994 1796 Originis,
1021 1749 1086 1787 ille

106 1799 183 1842 Qui
201 1800 370 1851 patrium
387 1803 529 1844 mimae
547 1805 667 1844 donat
684 1806 926 1860 fundumque
945 1812 1164 1866 laremque3

106 1861 173 1901 Nil
182 1863 301 1903 fuerit
311 1866 379 1913 mi,
391 1867 622 1919 inquit‚cum
634 1871 821 1911 uxoribus
834 1887 1003 1926 unquam
1015 1878 1162 1919 alienis.

105 1927 252 1967 Verum
264 1938 324 1970 est
334 1945 425 1972 cum
436 1934 576 1982 mimis,
588 1943 647 1974 est
658 1949 749 1975 cum
759 1941 1045 1987 meretricibus3
1058 1945 1162 1984 unde

107 1990 222 2031 Fama
245 1995 389 2034 malum
406 1999 574 2049 gravius,
600 2013 715 2052 quam
733 2015 809 2049 res,
838 2005 969 2043 trahit.
1006 2008 1073 2045 An
1091 2008 1161 2047 tibi

308 2060 463 2100 abunde
999 2067 1002 2069 ’

105 2119 314 2162 Personam
333 2126 424 2164 satis
443 2134 517 2175 est,
537 2141 614 2167 non
632 2129 743 2177 illud,
760 2131 948 2184 quidquid
967 2135 1109 2187 ubique

105 2183 249 2234 officit,
268 2189 439 2229 evitare?
470 2192 621 2233 Bonam
638 2194 852 2247 deperdere
870 2197 1026 2245 famam,
