1378 2534
126 251 163 283 v.
179 241 232 282 65
360 237 680 279 SERMONUM
730 237 764 277 1.
814 238 869 279 iii.
1126 241 1175 280 18

130 350 215 388 Aut
230 348 407 396 tacitum,
429 347 601 400 impellat
617 348 753 400 quovis
769 361 947 387 sermone
964 348 1172 388 molestum

130 412 464 453 Communisensu
479 412 595 464 plane
614 419 736 459 caret,
762 412 968 463 inquimus.
997 411 1131 451 Eheu!

129 477 255 519 Quam
267 483 414 515 temere
425 476 466 517 in
476 482 627 514 non-et
638 475 766 527 legem
777 476 971 515 sancimus
981 476 1151 528 iniquam
1163 478 1174 514 ἔ

129 540 232 580 Nam
246 540 349 580 vitiis
365 553 481 579 nemo
497 540 579 578 sine
598 539 791 578 nascitur:
805 539 972 591 optimus
991 539 1056 578 ille
1074 546 1149 586 est,

129 605 207 649 Qui
223 604 391 645 mimis
407 612 608 656 urguetur.
626 603 791 642 Amicus
801 603 941 651 dulcis,
952 611 997 643 ut
1006 616 1174 656 aequum

332 676 405 715 est,

128 733 229 773 Cum
239 745 327 772 mea
337 740 563 784 compenset
573 732 676 771 vitiis
685 732 805 776 bona3
814 732 989 784 pluribus
1000 733 1125 780 hisce,

129 797 171 836 Si
188 797 304 837 modo
319 797 431 850 plura
447 796 542 835 mihi
559 797 662 835 bona
677 804 783 843 sunt,
812 796 998 836 inclinet:
1015 797 1137 837 amari

129 861 175 901 Si
190 862 298 902 volet
313 861 388 902 bac
404 861 508 913 lege,
535 861 575 899 in
592 861 739 900 trutina
754 868 922 912 ponetur
939 862 1091 901 eadem.

127 926 221 973 Qui,
248 938 299 964 ne
316 925 517 964 tuberibus
534 924 699 976 propriis
717 924 886 963 offendat
903 925 1087 973 amicum,

126 989 317 1038 Postulat,
343 989 521 1041 ignoscet
537 989 710 1028 verrucis
726 989 850 1028 illius:
868 1002 1036 1041 aequum
1054 997 1114 1030 est

128 1053 309 1095 Peeentis
318 1053 471 1092 veniam
487 1061 713 1105 poscentem
730 1053 895 1092 reddere
913 1067 1056 1092 rursus.

127 1117 326 1170 Denique,
343 1124 534 1169 quatenus
551 1117 682 1156 excidi
698 1118 853 1168 penitus
870 1118 1005 1156 vitium
1024 1119 1119 1166 irae,

128 1182 273 1222 Cetera
287 1181 382 1221 item
399 1189 600 1233 nequeunt
612 1182 740 1220 stultis
765 1182 991 1226 haerentia3
1009 1195 1079 1221 cur
1096 1197 1175 1222 non

126 1245 368 1285 Ponderibus
378 1245 619 1297 modulisque
633 1246 713 1284 suis
724 1245 841 1284 Ratio
859 1246 980 1284 utitur
994 1247 1010 1285 ἓ
1033 1260 1094 1294 ac,
1112 1260 1174 1286 res

127 1309 186 1350 Ut
203 1323 381 1362 quaeque
399 1319 473 1357 est,
499 1311 554 1350 ita
570 1311 766 1363 suppliciis
786 1310 930 1349 delicta
946 1313 1131 1351 coercet?

127 1374 172 1415 Si
186 1375 272 1428 quis
289 1388 379 1414 eum
395 1388 563 1422 servum,
590 1375 760 1426 patinam
780 1375 845 1427 qui
863 1375 999 1414 tollere
1012 1378 1157 1427 jussus,

127 1438 304 1479 Semesoe
320 1439 448 1492 pisces
473 1440 723 1492 tepidumque
740 1440 950 1491 ligurrierit
962 1442 1042 1491 jus,

124 1503 174 1545 In
190 1517 309 1544 cruce
325 1503 499 1556 suffigun
524 1504 709 1543 Labeone
732 1504 901 1543 insanior
918 1505 1021 1543 inter

127 1568 250 1609 Sanos
266 1569 429 1608 dimum
457 1570 613 1613 Quanto
630 1569 706 1607 hoc
727 1568 909 1607 furiosius
934 1576 1054 1621 atque

125 1631 258 1684 Majus
272 1640 479 1684 peccatum
496 1633 582 1671 est?
603 1632 781 1671 Paullum
799 1632 961 1684 deliquit
978 1634 1140 1682 amicus,

127 1695 244 1738 Quod
261 1695 335 1734 nisi
353 1696 558 1743 concedas,
583 1697 750 1735 habeare
770 1697 962 1734 insuavis?
982 1698 1147 1736 acerbus

127 1758 256 1798 Odisti
273 1767 315 1811 et
330 1759 449 1812 fugi&
475 1768 520 1798 ut
538 1761 736 1799 Rusonem
754 1761 906 1798 debitor
924 1761 1043 1806 aeris3

125 1824 204 1866 Qui
216 1824 304 1871 nisi,
331 1837 421 1864 cum
439 1825 570 1864 tristes
586 1826 725 1864 misero
742 1838 884 1864 venere
904 1826 1120 1874 Kalendae,

125 1885 353 1927 Mexoedem
365 1895 433 1928 aut
443 1902 620 1928 nummos
634 1890 737 1928 unde
757 1889 858 1928 unde
869 1890 1051 1937 extricat,
1069 1905 1172 1930 ama-

126 1949 314 1991 Porrecto
322 1953 460 2004 jugulo
471 1954 663 2000 historias,
674 1954 847 2006 captivus
860 1962 916 2000 ut,
928 1955 1049 1992 audit.
1087 1957 1172 2006 [ras

127 2015 365 2055 Comminxit
381 2018 527 2056 lectum
544 2026 672 2070 potus,
699 2032 877 2058 mensave
898 2020 1068 2058 catillum

127 2079 295 2120 Evandri
312 2082 486 2120 manibus
502 2083 636 2120 tritum
655 2083 826 2133 dejecit?
854 2085 903 2122 ob
925 2084 1024 2121 hanc
1044 2097 1141 2131 rem,

129 2146 211 2186 Aut
221 2146 388 2196 positum
398 2154 488 2187 ante
502 2160 588 2186 mea
599 2147 689 2199 quia
702 2149 850 2199 pullum
860 2149 900 2186 in
912 2149 1160 2200 partecatini,
