1378 2534
116 249 167 281 «1.
178 239 271 277 263.
373 225 777 273 EPISTOLARUM
828 226 884 264 11.
934 226 961 264 i.
1103 223 1180 264 1⁸5

132 344 251 388 Quod
267 342 355 396 quis
370 341 535 387 deridet,
562 351 678 390 quam
695 336 801 389 quod
814 335 954 387 probat
969 340 1011 372 et
1023 344 1183 372 venera-

192 427 195 430 l
338 413 415 446 tur·
481 410 488 417 ⁶

133 473 202 512 Nil
211 485 341 513 moror
350 469 519 510 officium
533 467 638 519 quod
648 479 711 504 me
723 471 875 516 gravat:
888 476 936 502 ac
949 475 1077 514 neque
1090 461 1184 500 ficto

133 537 183 576 In
199 539 310 589 pejus
328 535 436 574 vultu
454 533 617 585 proponi
635 543 771 570 cereus
790 542 964 580 usquam,

133 600 221 642 Nec
238 613 356 652 prave
374 599 486 637 factis
504 595 678 635 decorari
696 595 883 640 versibus,
901 600 1021 645 opto;

134 663 198 703 Ne
217 665 375 702 rubeam
393 662 528 714 pingui
546 662 711 699 donatus
729 671 902 704 munere,
919 665 961 695 et
979 669 1059 695 una

134 729 236 772 Cum
253 729 442 780 scriptore
459 739 561 772 meo,
579 738 695 776 capsa
712 730 916 775 porrectus
933 729 1083 773 operta,

137 792 304 835 Defemr
321 793 360 830 in
377 792 506 830 vicum
523 789 756 828 vendentem
775 795 852 832 tus,
870 795 912 825 et
930 787 1084 832 odores,

135 855 191 894 Et
205 858 331 908 piper,
348 864 391 895 et
405 855 595 908 quidquid
611 853 756 892 chartis
768 852 947 890 amicitur
958 849 1111 902 ineptis.

528 1035 697 1074 EPIST.
751 1035 807 1073 ΙΙ.

432 1154 493 1179 AD
521 1151 685 1179 JULIUM
714 1151 902 1178 FLORUM.

140 1249 298 1295 FLonss,
323 1250 427 1287 bono
445 1248 628 1298 claroque
646 1245 770 1283 fidelis
787 1245 911 1282 amice
930 1243 1104 1287 Neroni;

141 1314 183 1353 Si
202 1314 287 1365 quis
303 1313 404 1351 forte
422 1312 516 1350 velit
533 1324 696 1363 puerum
716 1310 786 1347 tibi
803 1309 971 1348 vendere
990 1315 1124 1346 natum

139 1377 287 1416 Tibure
304 1377 367 1416 vel
384 1376 533 1423 Gabiis,
551 1384 592 1414 et
610 1383 740 1413 tecum
759 1375 815 1412 sic
832 1382 947 1424 agat:
977 1372 1071 1418 Hic,
1089 1379 1131 1410 et

86 1437 98 1447 ⁵
141 1441 353 1488 Candidus,
371 1449 413 1480 et
431 1441 529 1480 talos
546 1454 570 1479 a
588 1442 732 1478 vertice
750 1439 912 1490 pulcher
929 1437 979 1475 ad
997 1438 1108 1482 imos,

140 1505 228 1544 Fiet
246 1505 396 1556 eritque
414 1513 504 1543 tuus
521 1517 764 1542 nummorum
782 1503 951 1540 millibus
968 1509 1059 1539 octo
1074 1517 1086 1545 ;

140 1571 275 1609 Verna
291 1570 511 1607 ministeriis
529 1569 576 1606 ad
596 1577 712 1606 nutus
729 1575 843 1618 aptus
861 1567 1015 1613 heriles,

141 1635 326 1677 Literulis
344 1633 507 1671 Graecis
524 1633 705 1678 imbutus,
735 1632 896 1670 idoneus
914 1631 987 1668 arti

144 1697 316 1737 Cuilibet
328 1711 340 1734 z
367 1696 501 1748 argilla
519 1697 667 1747 quidvis
686 1695 895 1733 imitaberis
914 1695 1012 1732 uda:

144 1763 250 1806 Quin
268 1762 386 1800 etiam
404 1768 519 1799 canet
537 1762 750 1805 indoctum,
777 1759 846 1796 sed
863 1759 991 1804 dulce,
1018 1759 1192 1798 bibenti:

144 1827 274 1864 Multa
290 1826 406 1864 fidem
424 1825 611 1876 promissa
627 1825 770 1868 levant,
789 1823 854 1861 ubi
874 1823 1025 1874 plenius
1041 1836 1167 1874 aequo

143 1891 297 1930 Laudat
314 1890 483 1936 venales,
511 1890 576 1940 qui
594 1888 677 1926 vult
694 1887 917 1933 extrudere,
936 1901 1085 1926 merces
1096 1902 1108 1926 ε

147 1954 226 1992 Roe
245 1961 386 2004 urguet
403 1966 465 1990 me
483 1952 613 1995 nulla3
639 1964 727 1989 meo
753 1965 839 1989 sum
857 1964 1003 2003 pauper
1021 1953 1059 1990 in
1077 1965 1167 1991 aere
1179 1967 1192 1991 ε

145 2018 273 2057 Nemo
291 2019 367 2057 boc
379 2030 613 2068 mangonum
631 2015 778 2054 faceret
795 2017 879 2061 tibi;
899 2030 977 2055 non
1000 2025 1146 2055 temere
1168 2029 1192 2054 a

349 2096 410 2121 me

145 2146 280 2193 Quivis
296 2146 417 2184 ferret
433 2147 561 2185 idem:
585 2146 703 2185 semel
722 2145 788 2183 hic
805 2146 983 2192 cessavit,
1002 2152 1057 2193 et,
1074 2154 1119 2184 ut
1135 2146 1192 2192 fit,

200 2210 319 2249 Tou.
353 2212 408 2250 11.
679 2211 717 2250 R
744 2214 771 2249 4
