1378 2534
206 231 281 272 170
599 229 869 274 NOTULAE

490 322 538 349 m
563 322 650 350 ms.
678 324 707 350 1.
734 323 990 351 sannorum.

260 406 330 444 VI.
348 408 407 447 15.
436 407 552 459 Vulg.
565 421 682 461 quem.
710 407 914 448 Editiones
927 416 1058 448 tamen
1070 415 1262 459 vetustae,

206 472 351 524 pariter
368 485 414 511 ac
434 471 554 510 MSS.
581 485 730 519 omnes,
758 486 830 524 quo
843 488 862 518 ,·
890 486 990 525 quae
1007 473 1112 514 haud
1143 475 1263 514 dubie

207 545 267 577 est
284 550 376 576 vera
392 537 525 584 lectio,
551 537 629 576 hoc
646 537 762 576 modo
780 538 1033 579 resolvenda:
1060 551 1144 582 Quo
1151 539 1262 594 judi-

205 615 246 640 ce
263 602 374 649 nosti,
402 607 554 641 notante
567 618 584 647 ‚·
613 602 638 640 i.
658 615 693 641 e.
713 614 765 641 Eo
771 602 906 655 judice
923 613 1044 644 QUEM
1062 605 1173 652 nosti,
1195 618 1262 644 no-

204 672 321 714 tante,
348 667 422 705 viz.
434 666 585 720 populo.
641 667 706 706 Sic
734 666 884 715 Livius,
915 667 949 706 I.
976 670 1040 709 29.
1093 670 1261 713 Qumus
1310 712 1313 715 ,

204 731 358 783 quisque
367 737 529 783 poterat,
547 731 655 771 elatis
667 748 684 778 ,·
713 732 738 770 i.
753 745 789 770 e.
814 744 871 770 118
892 743 1009 774 QUAE
1027 732 1180 786 quisque
1188 746 1262 786 po-

201 801 302 834 terat
319 796 469 844 efferre,
496 795 617 836 elatis.
670 797 723 837 Et
736 798 790 837 ita
803 797 945 849 passim
959 797 1168 849 scriptores
1181 796 1259 836 La-

202 860 287 907 tini,
315 860 538 913 saepissime
557 862 714 902 Graeci.
766 863 878 906 Quae
897 862 1099 902 Bentleius
1123 875 1176 902 ex
1193 875 1259 902 va-

202 925 269 974 riis
285 926 509 965 auctoribus
541 926 620 965 huc
639 927 766 966 adfert
784 933 970 979 tanquam
986 927 1108 980 paria,
1133 927 1259 980 plera-

201 1004 278 1043 que
296 998 387 1030 sunt
404 1005 562 1044 prorsus
580 991 791 1031 dissimilia.

254 1059 316 1096 18.
370 1057 517 1096 Omnes
535 1057 618 1096 fere
636 1057 808 1096 omnium
826 1057 983 1098 codices
999 1057 1109 1112 longe
1129 1057 1257 1113 longe-

201 1135 272 1174 que
288 1137 302 1160 .·
331 1122 435 1173 vulg.
453 1121 562 1174 longe
579 1121 737 1175 lateque.
791 1121 882 1160 Vid.
909 1123 1039 1162 Bentl.

250 1188 313 1224 24.
368 1186 651 1226 Revocavimus
665 1186 835 1239 plurium
849 1187 1031 1227 codicum
1043 1186 1255 1228 lectionem

206 1249 309 1291 Tilli.
341 1251 446 1302 vulg.
481 1251 596 1290 Tulli.

209 1361 213 1362 ⁷
251 1318 315 1356 29.
370 1316 448 1354 Pro
466 1322 515 1363 et,
543 1317 631 1355 libri
650 1316 798 1369 aliquot
815 1323 870 1356 est
880 1332 898 1362 ‚⁶
918 1316 1110 1357 editiones
1126 1324 1255 1358 vetus-

200 1388 263 1420 tae
282 1388 323 1419 et
342 1380 420 1419 duo
438 1394 490 1419 ex
509 1381 615 1419 libris
633 1380 787 1432 scriptis
805 1387 884 1420 aut.

249 1448 313 1483 31.
367 1444 445 1483 Pro
462 1451 512 1491 et,
539 1444 732 1483 editiones
748 1445 924 1484 Venetae
943 1452 984 1485 et
1000 1445 1185 1495 Locheri‚
1209 1461 1254 1487 u-

195 1522 247 1548 na
265 1522 355 1548 cum
384 1509 560 1561 pluribus
578 1508 760 1548 Lambini
778 1509 991 1558 codicibus,
1018 1517 1060 1550 et
1092 1513 1255 1552 veterri-

195 1587 260 1612 mo
277 1573 440 1626 aliisque
459 1574 580 1612 tribus
599 1587 651 1613 ex
666 1574 918 1622 Bentleianis,
937 1581 991 1614 ut.
1017 1574 1080 1615 Ita
1095 1577 1254 1617 morbus

194 1639 306 1677 Barri
324 1645 502 1677 erat—ut
512 1645 667 1693 ‚cuperet
669 1641 866 1690 formosus
878 1638 1020 1679 haberi.
1042 1676 1044 1678 .

243 1707 308 1744 53.
362 1703 510 1743 Omnes
527 1704 609 1742 fere
627 1703 716 1742 libri
729 1703 879 1755 scripti,
898 1711 939 1743 et
957 1704 1046 1743 edd.
1059 1712 1250 1759 vetupos-

191 1783 285 1817 sum,
321 1769 383 1808 vel
405 1769 546 1821 possim
563 1784 578 1807 .·
621 1768 777 1820 quidam
800 1774 971 1820 possunt,
1009 1768 1072 1807 vel
1094 1769 1217 1822 possit
1231 1786 1250 1810 .·.

184 1839 341 1887 possunt
360 1833 422 1871 ed.
441 1832 587 1871 Zaroti.
640 1837 667 1856 ‘⁶
687 1832 855 1871 Difficile
870 1839 930 1870 est
939 1831 1129 1884 judicare,
1148 1846 1250 1891 quae

191 1903 217 1922 ‘⁴
244 1898 362 1936 lectio
381 1910 471 1937 vera
488 1898 550 1936 sit.
595 1896 754 1936 Felicem
771 1897 894 1936 dicere
911 1911 984 1936 non
1015 1897 1065 1935 ob
1096 1897 1165 1937 hoo
1191 1912 1251 1938 me

191 1966 218 1986 ‘⁶
239 1975 388 2015 possum
407 1975 496 2014 ego,
528 1962 619 2014 quia
650 1974 729 2000 non
746 1961 894 2000 factum
925 1968 984 2000 est
1015 1974 1107 2001 casu
1122 1975 1133 2000 ε
1172 1977 1248 2002 non

189 2032 216 2078 ‘v‘
235 2032 394 2080 possunt
412 2027 556 2065 invidi:
598 2041 672 2065 non
683 2021 804 2079 possit
832 2025 980 2077 quivis:
1007 2040 1081 2066 non
1104 2027 1246 2080 possim

190 2095 218 2116 “
240 2094 329 2143 jure
348 2104 437 2143 ego,
458 2091 530 2130 etsi
550 2091 707 2130 velim.'’
728 2090 860 2129 Gnsn.
897 2095 924 2114 “
943 2090 1061 2130 Certe
1075 2091 1107 2130 si
1119 2104 1172 2131 ex
1186 2091 1245 2130 in-

187 2160 214 2180 “
241 2156 416 2195 vidorum
428 2169 595 2208 persona
598 2162 756 2209 possunt
767 2155 1151 2208 legeris,verecunde
1162 2155 1245 2195 dic-
