1378 2534
180 250 234 290 72
455 243 777 285 SERMONUM
827 244 882 286 11.
933 246 984 286 vi.
1117 252 1235 290 nso,

183 357 369 396 Rusticus
386 347 576 394 urbanum
594 369 744 395 murem
761 370 846 395 mus
863 370 1035 409 paupere
1051 358 1192 397 fertur'

183 422 397 474 Accepisse
416 434 525 467 cavo,
544 429 716 459 veterem
734 429 846 460 vetus
862 422 1004 474 hospes
1019 423 1188 462 amicum
1205 440 1217 469 ;

182 487 323 536 Asper,
353 492 393 523 et
411 492 582 523 attentus
601 485 798 536 quaesitis,
835 493 879 524 ut
896 492 1025 524 tamen
1043 494 1194 526 arctum

182 552 359 590 Solveret
370 551 546 601 hospitiis
557 550 739 588 animum.
758 551 863 594 Quid
869 552 1011 591 multa?
1027 565 1155 604 neque
1167 552 1234 591 ille

182 616 350 668 Sepositi
370 615 507 654 ciceris
521 628 594 652 nec
613 615 752 666 longae
772 616 908 654 invidit
925 629 1094 669 avenae;

180 682 347 720 Aridum
367 689 407 719 et
426 693 491 718 ore
509 679 639 718 ferens
657 680 826 727 acinum,
853 693 1078 733 semesaque
1095 682 1194 720 lardi

178 747 330 792 Frusta‚
350 745 469 791 dedit,
497 745 657 795 cupiens
675 745 779 782 varia
796 745 950 783 fastidia
968 759 1092 784 coena

178 811 349 849 Vincere
367 810 561 860 tangentis
582 811 680 847 male
699 810 850 860 singula
867 810 984 848 dente
1003 811 1182 862 superbo.

180 878 278 916 Cum
298 882 409 926 pater
429 875 510 924 ipse
529 875 678 920 domus,
693 875 805 924 palea
818 882 1020 925 porrectus
1037 875 1076 912 in
1094 875 1230 922 horna,

179 941 294 979 Esset
308 941 401 977 ador
419 939 642 989 loliumque,
670 939 779 989 dapis
798 938 957 977 meliora
973 939 1217 991 relinquens3

178 1006 354 1045 Tandem
373 1006 542 1042 urbanus
561 1004 610 1041 ad
627 1003 752 1041 hunc.
743 1018 752 1026 ·
773 1003 878 1046 Quid
895 1010 936 1042 te
950 1005 1074 1055 juvat,
1091 1004 1231 1106 inquit,

347 1109 351 1112 ,
382 1069 519 1114 amice,

177 1134 383 1186 Praerupti
401 1134 567 1171 nemoris
587 1133 802 1184 patientem
821 1133 950 1172 vivere
969 1133 1113 1173 dorso?

175 1202 245 1238 Vis
262 1207 307 1238 tu
325 1198 501 1236 homines
521 1198 731 1249 urbemque
742 1198 835 1236 feris
845 1211 1086 1250 praeponere
1105 1198 1228 1238 silvis?

176 1267 304 1315 Carpe
315 1264 429 1308 viam,
443 1262 535 1299 mihi
550 1262 680 1308 crede,
697 1275 843 1306 comes;
861 1263 1060 1301 terrestria
1071 1264 1238 1315 quandoe

174 1328 366 1367 Mortales
385 1327 529 1365 animas
547 1325 681 1364 vivunt
697 1325 847 1372 sortita,
862 1339 988 1378 neque
1007 1326 1086 1365 ulla
1103 1334 1163 1366 est

176 1395 260 1432 Aut
279 1404 420 1442 magno
438 1398 505 1429 aut
522 1403 640 1442 parvo
655 1390 724 1428 leti
736 1390 852 1441 fuga.
873 1404 965 1442 quo,
978 1392 1095 1438 bone,
1109 1391 1227 1463 circa,

173 1460 282 1497 Dum
299 1458 407 1503 licet,
426 1456 465 1493 in
484 1456 600 1493 rebus
613 1455 798 1505 jucundis
814 1455 901 1494 vive
918 1456 1081 1501 beatus;

175 1524 274 1561 Vive
292 1535 454 1567 memor,
469 1533 583 1573 quam
598 1521 648 1558 sis
663 1519 747 1558 aevi
757 1520 897 1558 brevis.
916 1520 1030 1560 Haec
1043 1522 1110 1560 ubi
1123 1522 1229 1561 dicta

174 1590 384 1640 Agrestem
402 1586 601 1638 pepulere,
629 1585 744 1623 domo
762 1585 856 1623 levis
874 1585 1029 1624 exsilit:
1055 1586 1148 1624 inde

176 1654 306 1691 Ambo
323 1651 563 1703 propositum
580 1657 773 1702 peragunt
790 1649 879 1696 iter,
898 1650 1005 1688 urbis
1019 1658 1178 1691 aventes

174 1716 336 1756 Moenia
354 1715 534 1754 nocturni
552 1715 778 1765 subrepere.
804 1714 971 1766 Jamque
988 1716 1149 1754 tenebat

174 1782 267 1820 Nox
286 1780 457 1819 medium
476 1779 575 1818 coeli
593 1779 773 1830 spatium,
793 1791 882 1816 cum
899 1779 1010 1830 ponit
1027 1787 1199 1832 uterque
1230 1782 1235 1786 ”

173 1847 221 1884 In
239 1846 434 1897 locuplete
454 1845 569 1883 domo
587 1844 761 1895 vestigia,
789 1844 904 1882 rubro
922 1844 990 1881 ubi
1008 1856 1130 1883 cocco

175 1912 316 1950 Tincta
334 1922 449 1960 super
468 1908 591 1947 lectos
612 1908 795 1946 canderet
813 1907 929 1946 vestis
948 1908 1115 1947 eburnos
1133 1925 1146 1954 ;

173 1976 379 2027 Multaque
399 1974 447 2011 de
466 1986 606 2023 magna
623 1979 867 2023 superessent
884 1972 1034 2011 fercula
1051 1986 1188 2022 coena,

173 2043 283 2085 Quae
296 2039 433 2092 procul
446 2038 655 2076 exstructis
673 2038 824 2075 inerant
840 2038 1023 2078 hesterna
1033 2039 1236 2080 canistrise'

174 2106 295 2157 Ergo,
323 2104 388 2142 ubi
407 2115 602 2155 purpurea
619 2110 843 2154 porrectum
862 2102 901 2140 in
919 2110 1028 2141 veste
1045 2103 1188 2143 locavit
1228 2128 1230 2131 v

175 2171 207 2207 A
214 2177 398 2221 grestem,
425 2166 544 2206 veluti
562 2167 786 2208 succinctus
805 2167 966 2215 cursitat
982 2167 1143 2221 hospes,
