1378 2534
186 249 241 286 38
475 246 796 287 SERMONUM
847 247 880 285 1.
931 261 973 286 x.
1126 250 1245 290 v.5·2.

193 357 254 396 Tu
273 358 367 395 nihil
386 357 425 395 in
443 371 585 409 magno
604 358 742 395 doctus
760 357 961 409 reprendis
975 357 1183 399 Homero?
1233 374 1238 378 ·
1254 380 1257 386 ,
1295 376 1297 378 ·

193 421 259 460 Nil
272 422 398 460 —comis
415 422 554 474 tragici
572 429 698 460 mutat
715 422 892 461 Lucilius
911 423 1043 462 Acci?

191 487 281 525 Non
301 487 401 526 ridet
418 500 550 525 versus
570 487 673 524 Enni
691 487 879 538 gravitate
897 488 1094 526 minores?

191 553 292 591 Cum
311 553 360 591 de
377 566 419 590 se
438 553 622 604 loquitur,
651 566 729 590 non
747 559 791 590 ut
809 554 954 603 majore
971 553 1176 604 reprensis.

190 618 296 660 Quid
314 624 420 656 vetat
438 624 478 655 et
497 625 662 664 nosmet,
689 617 819 655 Lucili
837 618 982 669 scripta
998 617 1190 668 legentes,

191 684 405 728 Quaerere,
433 696 526 719 num
545 682 660 730 illius,
688 696 781 720 num
800 695 930 720 rerum
948 681 1046 721 dura
1062 681 1215 734 negarit

189 748 413 786 Versiculos
431 755 569 785 natura
586 747 708 798 magis
725 747 864 794 factos,
891 754 932 785 et
949 754 1087 785 euntes

189 813 365 859 Mollius,
393 824 440 850 ac
458 812 489 849 si
509 811 607 863 quis,
625 812 791 862 pedibus
811 811 905 863 quid
922 811 1105 850 claudere
1122 812 1240 860 senis,

191 878 283 916 Hoc
301 884 467 922 tantum,
481 883 703 922 contentus,
716 883 820 914 amet
838 877 1036 928 scripsisse
1050 877 1240 916 ducentos

189 943 298 981 Ante
316 942 445 980 cibum
463 954 610 987 versus,
638 941 801 979 totidem
820 942 1036 980 coenatus?
1066 940 1223 980 Etrusci

188 1008 313 1050 Quale
330 1006 405 1044 fuit
425 1006 533 1044 Cassi
552 1005 687 1056 rapido
704 1005 918 1044 ferventius
934 1005 1039 1044 amni

188 1073 395 1124 Ingenium
410 1087 420 1116 3
448 1071 572 1121 capsis
591 1083 707 1122 quem
725 1070 828 1108 fama
845 1078 904 1108 est
922 1083 1007 1109 esse
1023 1070 1209 1123 hbrisque

188 1139 444 1179 Combustum
463 1136 639 1188 propriis.
659 1135 793 1174 Fuerit
809 1135 998 1184 Lucilius,
1016 1137 1191 1188 inquam,

187 1204 319 1244 Comis
338 1210 378 1240 et
396 1203 587 1245 urbanus;
613 1200 732 1238 fuerit
749 1201 919 1239 limatior
932 1201 1052 1248 idem,

187 1271 312 1312 Quam
333 1267 438 1304 rudis
457 1273 497 1304 et
517 1265 678 1303 Graecis
698 1265 832 1303 intacti
852 1266 1032 1304 carminis
1049 1273 1200 1314 auctor,

186 1335 391 1382 Quamque
410 1332 612 1382 poetarum
631 1330 826 1367 seniorum
845 1331 984 1368 turba:
1004 1330 1074 1368 sed
1092 1330 1171 1377 ille,

187 1398 229 1436 si
248 1397 349 1435 foret
367 1396 442 1433 hoc
461 1401 634 1432 nostrum
653 1393 734 1431 fato
753 1393 893 1431 dilatus
912 1394 951 1431 in
970 1407 1122 1441 aevum,

185 1463 398 1500 Detereret
416 1460 487 1497 sibi
506 1459 640 1505 multa,
665 1459 858 1497 recideret
872 1471 1000 1506 omne,
1019 1459 1126 1511 quod
1137 1459 1239 1498 ultra

184 1526 411 1566 Perfectum
429 1524 671 1569 trahet-etun
689 1530 743 1571 et,
763 1524 802 1561 in
820 1536 933 1562 versu
950 1523 1147 1572 faciendo,

186 1591 312 1642 Saepe
332 1596 450 1640 caput
469 1589 661 1636 scaberet,
688 1588 795 1627 vivos
814 1596 855 1627 et
873 1589 1029 1627 roderet
1047 1602 1210 1640 ungues.

184 1655 313 1705 Saepe
329 1654 459 1691 stilum
470 1660 611 1700 vertaS,
631 1653 772 1691 iterum
788 1665 888 1705 quae
902 1652 1022 1704 digna
1034 1653 1113 1704 legi
1131 1653 1209 1693 sint

184 1720 429 1770 Scripturus:
449 1731 591 1769 neque,
610 1725 650 1756 te
668 1725 712 1755 ut
731 1718 893 1756 miretur
910 1717 1038 1763 turba,
1056 1717 1223 1764 labores,

181 1777 400 1822 contentus
418 1783 553 1834 paucis
571 1783 795 1821 lectoribus.
824 1783 890 1819 An
909 1789 977 1820 tua
995 1781 1156 1819 demens

181 1848 332 1886 Vilibus
351 1848 392 1884 in
409 1848 511 1886 ludis
528 1848 667 1885 dictari
686 1847 857 1886 carmina
874 1845 1009 1884 malis?

181 1912 271 1951 Non
291 1926 386 1963 ego:
416 1925 503 1949 nam
522 1912 614 1950 satis
633 1919 692 1949 est
710 1911 882 1963 equitem
901 1909 996 1948 mihi
1021 1910 1234 1962 plaudere:

386 1983 429 2013 ut
447 1976 590 2023 audax,
987 2025 990 2027 .

181 2041 398 2081 contemtis
417 2041 513 2087 aliis,
541 2041 703 2092 explosa
722 2039 944 2078 Arbuscula
961 2039 1072 2077 dixit.

179 2105 293 2144 Men'
312 2113 464 2143 moveat
479 2105 607 2143 cimex
627 2105 842 2143 Pantilius?
863 2111 930 2142 aut
944 2105 1107 2151 cruciet,
1127 2105 1233 2156 quod

177 2171 346 2209 vellicet
365 2171 565 2210 absentem
583 2170 838 2210 Demetrius?
867 2176 935 2208 aut
953 2169 1059 2222 quod
1077 2169 1232 2222 ineptus
