1378 2534
191 234 245 272 44
417 227 741 269 SERMONUM
794 229 847 268 ΙΙ.
903 230 929 268 i.
976 264 979 267 ,
1135 245 1171 270 v.
1190 233 1254 274 72.

183 341 328 381 ·Virtus
349 341 553 393 Scipiadae
573 348 613 379 et
631 340 736 379 mitis
754 340 944 392 sapientia
962 340 1099 396 Laeli;¹

192 407 343 459 Nugari
364 420 453 445 cum
471 406 553 453 illo,
581 413 623 444 et
641 405 822 444 discincti
838 405 988 453 ludere,
1008 406 1135 445 donec

191 471 495 523 Decoqueretur
525 472 623 518 olus,
656 471 772 509 soliti.
813 471 1014 524 Quidquid
1045 484 1131 510 sum
1163 484 1253 524 ego,

401 536 573 588 quamvis

190 602 299 641 Infra
317 601 448 640 Lucili
468 614 628 639 censum
647 601 940 654 ingeniumque,
965 608 1096 640 tamen
1114 615 1178 641 me

191 668 294 707 cum
312 667 462 718 magnis
480 666 623 704 vixisse
642 666 763 704 invita
779 666 966 705 fatebitur
985 680 1108 719 usque

189 733 366 776 Invidia;
392 739 446 778 et,
465 731 592 783 fragili
613 744 803 784 quaerens
821 731 972 770 illidere
991 732 1165 779 dentem,

191 798 377 836 Offendet
395 796 542 835 solido:
570 795 642 833 nisi
662 795 756 847 quid
775 803 831 841 tu,
853 796 971 835 docte
992 796 1168 844 Trebati,

188 862 398 902 Dissentis.
428 861 622 913 Equidem
637 861 733 899 nihil
745 861 837 899 hinc
856 860 1058 913 diffingere
1075 875 1248 913 possum.

126 965 127 969 ,
190 927 272 966 Sed
289 933 435 973 tamen,
455 932 500 963 ut
518 925 689 963 monitus
708 937 859 971 caveas,
878 938 929 964 ne
946 925 1048 964 forte
1066 928 1203 978 negoti

187 991 363 1031 Incutiat
379 990 451 1029 tibi
471 989 566 1042 quid
583 996 805 1028 sanctarum
823 989 978 1028 inscitia
994 990 1141 1042 legum,

190 1057 235 1096 Si
252 1056 355 1094 mala
373 1053 594 1094 condiderit
612 1053 653 1090 in
673 1066 789 1104 quem
804 1053 890 1105 quis
903 1053 1089 1101 carmina,
1102 1055 1168 1105 jus
1181 1061 1256 1102 est,

190 1122 217 1161 J
220 1120 483 1172 udiciumque.
513 1118 625 1166 Esto,
637 1118 670 1156 si
689 1118 775 1170 quis
789 1118 907 1157 mala:
926 1118 998 1157 sed
1010 1119 1114 1158 bona
1127 1118 1257 1171 siquis

189 1186 334 1226 Judice
354 1184 574 1224 condiderit
591 1183 770 1222 laudatus
791 1184 972 1231 Caesare,
999 1185 1032 1222 si
1052 1184 1153 1236 quis'

191 1249 423 1302 Opprobriis
442 1248 604 1299 dignum
622 1248 865 1294 laceraverit,
884 1240 1038 1300 integer
1056 1249 1193 1300 ipse—

193 1315 403 1354 Solventur
421 1313 500 1352 risu
518 1313 674 1352 tabulae
690 1329 699 1358 ;
726 1320 772 1351 tu
789 1313 928 1351 missus
945 1312 1082 1351 abibis.

557 1507 765 1547 SATI'RA
818 1508 872 1546 11.

195 1645 322 1687 QUAE
339 1641 463 1679 virtus
482 1645 699 1694 etquanta,
717 1638 824 1685 boni,
844 1638 893 1676 sit
911 1637 1040 1679 vivere
1059 1651 1192 1693 parvo,

196 1707 308 1760 (Nec
326 1719 436 1744 meus
450 1705 515 1743 hic
529 1717 657 1743 sermo
671 1711 744 1751 est,
772 1704 842 1742 sed
860 1717 959 1755 quae
978 1705 1179 1757 praecepit
1197 1705 1252 1743 O-

400 1770 529 1816 fellus,
665 1766 669 1770 ’

194 1836 396 1882 Rusticus,
416 1834 611 1872 abnormis
629 1834 796 1886 sapiens,
811 1846 1016 1885 crassaque
1030 1833 1233 1887 Minerva)

193 1900 371 1943 Discite;
398 1912 476 1937 non
494 1898 597 1937 inter
614 1899 746 1949 lances
765 1910 994 1950 mensasque
1019 1898 1203 1945 nitentes,

195 1964 298 2003 Cum
316 1970 449 2015 stupet
467 1963 609 2001 insanis
628 1964 732 2002 acies
749 1962 981 2014 fulgoribus,
1009 1969 1050 2000 et
1069 1975 1159 2001 cum

195 2029 374 2070 Acclinis
391 2029 497 2066 falsis
515 2029 665 2067 animus
683 2029 844 2066 meliora
862 2035 1039 2073 recusat;

192 2093 342 2133 Verum
361 2093 425 2132 hic
444 2093 626 2144 impransi
640 2106 793 2132 mecum
809 2092 1024 2144 disquirite.
1051 2093 1133 2131 Cur
1147 2094 1222 2133 hoc
1238 2093 1252 2132 ἓ

194 2159 352 2207 Dicam,
371 2158 402 2197 si
421 2165 571 2211 potero.
599 2158 708 2197 Male
726 2171 861 2197 verum
879 2158 1078 2197 examinat
1091 2158 1214 2196 omnis
