1378 2534
98 283 137 310 v.
151 273 217 311 62.
319 268 721 310 EPISTOLARUM
772 269 806 308 1.
858 271 964 310 xviii.
1075 276 1150 314 119

56 395 58 397 >
103 379 163 418 Te
181 379 296 427 duce,
313 391 385 431 per
401 392 542 432 pueros
558 380 689 419 hostili
706 393 812 419 more
830 380 995 420 refertur
1006 395 1018 419 ε

102 443 359 482 Adversarius
375 452 435 482 est
451 443 594 488 fratem
611 444 719 483 lacus
738 445 912 484 Hadria:
938 446 1066 485 donec

102 507 348 546 Alterutrum
364 508 481 547 velox
499 507 675 546 Vlctoria
689 507 828 547 stende
846 518 1022 550 coronet.

103 571 334 610 Consentire
351 571 431 610 suis
446 572 583 610 studiis
600 572 667 624 qui
685 572 893 611 crediderit
910 581 966 621 te,

101 633 248 674 Fautor
264 643 429 687 utroque
445 644 556 674 tuum
573 635 746 674 laudabit
762 637 904 688 pollice
922 639 1069 678 ludum.

31 741 34 744 ,
103 698 298 738 Protenus
314 707 359 737 ut
376 712 567 747 moneam,
593 700 626 738 si
644 701 737 752 quid
752 701 953 740 monitoris
971 716 1064 754 eges
1081 712 1126 743 tu

104 763 211 806 Quid
227 763 278 802 de
296 777 452 816 quoque
469 764 567 811 viro,
585 771 626 802 et
643 765 708 803 cui
715 765 845 813 dicas,
870 779 988 818 saepe
1005 768 1149 807 videto.

103 826 422 867 Percontatorem
437 828 586 880 fugito:
613 841 702 867 nam
719 830 896 881 garnssus
913 831 1016 870 idem
1034 840 1108 880 est,

105 892 194 932 Nec
210 892 380 931 retinent
396 893 552 945 patulae
570 894 775 933 commissa
789 895 956 935 fideliter
973 909 1108 943 aures;

105 955 160 994 Et
177 956 295 994 semel
314 957 496 995 emissum
513 958 618 996 volat
634 959 886 998 irrevocabile
903 961 1077 1000 verbum.

105 1020 199 1058 Non
216 1021 356 1060 ancilla
373 1029 483 1060 tuum
495 1023 608 1072 jecur
625 1023 775 1062 ulceret
792 1023 884 1070 ulla,
898 1038 1058 1075 puerve,

106 1083 217 1123 Intra
233 1097 490 1124 marmoreum
507 1087 718 1125 venerandi
733 1087 852 1127 limen
868 1090 1010 1128 amici:

106 1148 171 1187 Ne
187 1149 367 1188 dominus
382 1150 494 1201 pueri
511 1150 676 1202 pulchri,
695 1164 855 1191 caraeve
871 1154 1040 1204 puellae,

104 1213 275 1252 Munere
291 1221 332 1253 te
350 1227 468 1266 parvo
484 1215 590 1261 beet,
608 1222 676 1253 aut
692 1215 957 1255 incommodus
974 1227 1104 1270 angat.

106 1277 271 1321 Qualem
288 1278 550 1325 commendes,
574 1279 691 1317 etiam
708 1287 826 1331 atque
844 1281 962 1320 etiam
979 1282 1153 1335 adspice;

308 1355 359 1381 ne
372 1355 466 1380 mox

64 1443 73 1450 ,
106 1405 305 1445 Incutiant
314 1405 442 1445 aliena
458 1407 530 1445 tibi
546 1415 711 1459 peccata
726 1410 929 1460 pudorem.
1050 1446 1052 1448 ,

106 1469 351 1526 Fallimurget
357 1470 551 1522 quondam
557 1485 636 1510 non
647 1472 808 1524 dignum
814 1476 1012 1514 tradimus.
1031 1477 1153 1530 Ergo,

107 1535 235 1577 Quem
251 1546 323 1572 sua
338 1535 451 1586 culpa
467 1544 632 1586 premet,
650 1536 839 1589 deceptus
858 1540 994 1579 omitte
1012 1543 1136 1589 tueri;

107 1597 166 1636 Ut
181 1599 336 1648 penitus
353 1606 502 1646 notum,
517 1600 553 1638 si
569 1607 724 1639 tentent
741 1602 917 1650 crimina,
933 1617 1077 1653 serves,

109 1661 341 1713 Tuterisque
358 1670 428 1700 tuo
444 1662 628 1701 fidentem
646 1666 839 1715 praesidio
850 1682 861 1704 :
888 1669 955 1719 qui

104 1725 241 1764 Dente
258 1725 463 1764 Theonino
480 1739 570 1765 cum
587 1728 899 1778 circumroditur,
916 1734 1060 1784 ecquid

107 1790 177 1828 Ad
192 1797 233 1827 te
250 1797 339 1841 post
356 1790 486 1841 paullo
502 1799 665 1830 ventura
680 1793 853 1844 pericula
865 1797 1011 1836 sentis?

108 1853 211 1892 Nam
228 1862 296 1893 tua
313 1867 375 1893 τω
393 1855 533 1906 agitur,
551 1856 677 1907 paries
694 1870 784 1895 cum
805 1860 1006 1910 proximus
1022 1864 1155 1913 ardet;

109 1917 162 1956 Et
180 1918 360 1970 neglecta
376 1919 502 1958 solent
519 1919 699 1959 incendia
713 1934 867 1962 sumere
884 1925 996 1963 vires.

109 1980 249 2020 Dulcis
268 1982 481 2034 inexpertis
499 1984 652 2022 cultura
669 1987 839 2036 potentis
856 1989 995 2027 amici:

112 2043 309 2095 Expertus
325 2046 477 2084 metuit.
502 2047 579 2094 Tu,
606 2047 698 2085 dum
716 2056 785 2087 tua
802 2051 908 2089 navis
926 2052 965 2089 in
984 2053 1064 2092 alto
1081 2063 1153 2102 est,

110 2107 203 2146 Hoc
220 2121 305 2159 age,
323 2122 373 2147 ne
391 2117 538 2149 mutata
556 2119 764 2151 retrorsum
782 2121 822 2152 te
839 2115 940 2154 ferat
958 2130 1063 2156 aura.

112 2169 291 2211 Oderunt
307 2173 466 2214 hilarem
484 2174 627 2225 tristes,
644 2176 869 2230 tristemque
882 2181 1022 2232 jocosi,
