1378 2534
98 294 137 321 v.
154 283 218 321 π.
365 263 710 317 SERMONUM'
733 275 788 312 11.
841 272 892 310 iii.
1095 277 1145 313 ει

99 377 236 442 Atque
251 401 277 429 a
292 387 468 428 fabricio
486 399 564 425 non
581 386 732 424 tristem
749 392 870 437 ponte
886 383 1040 423 reverti.

99 455 216 502 Nm,
240 454 340 494 male
356 466 402 493 re
419 459 542 504 gesta,
569 463 659 490 cum
675 449 815 488 vellem
832 449 987 488 mittere
1004 456 1143 501 operto

98 519 172 558 Me
184 519 313 571 capite
326 518 368 556 in
380 517 540 562 flumen,
554 516 695 554 dexter
707 514 829 561 stetit,
841 521 895 561 et,
908 514 1014 552 Cave
1023 513 1126 552 faxis

60 607 65 611 -
100 583 160 622 Te
176 583 385 636 quidquam
403 581 629 633 indignum:
647 579 786 631 pudor,
803 578 943 630 inquit,
961 585 1001 616 te
1018 577 1141 616 malus

306 647 428 699 angit,

100 711 260 750 Insanos
277 711 344 763 qui
361 711 463 749 inter
478 719 636 748 vereare
653 708 809 747 insanus
825 707 972 746 haberi.
1020 707 1085 757 [in
1102 715 1143 745 te

101 777 273 815 Primum
286 788 376 814 nam
389 774 592 826 inquiram,
607 773 701 825 quid
711 773 761 811 sit
772 773 919 811 furere:
937 772 1013 810 hoc
1024 772 1056 810 si
1070 771 1146 811 erit

102 840 208 888 Solo,
234 839 289 878 nil
305 839 427 886 verbi,
453 850 590 890 pereas
606 838 700 890 quin
717 838 883 884 fortiter,
909 837 1060 875 addam.

100 905 229 947 Quem
238 904 340 942 mala
355 903 532 949 stultitia,
547 910 587 941 et
601 915 872 954 quemcunque
886 901 1037 940 inscitia
1049 901 1131 939 veri

100 967 272 1007 Caecum
285 967 380 1019 agit,
389 967 565 1006 insanum
577 967 782 1018 Chrysippi
793 966 979 1018 porticus,
992 972 1033 1003 et
1044 978 1142 1016 grex

101 1033 304 1070 Autmnat.
315 1031 429 1070 Haec
438 1031 615 1082 populos,
628 1031 726 1070 haec
736 1043 897 1081 magnos
909 1029 1073 1068 formula
1084 1041 1144 1067 re-

102 1095 284 1146 Ex'cepto
293 1095 482 1146 sapiente,
493 1102 613 1133 tenet.
627 1095 741 1133 Numc
751 1095 901 1146 accipe,
912 1107 1031 1145 quare
1038 1096 1145 1145 [ges,

101 1159 307 1210 Desipiant
324 1171 457 1197 omnes
470 1171 594 1210 aeque
611 1172 658 1198 ac
675 1167 733 1206 tu,
761 1159 827 1210 qui
845 1158 916 1196 tibi
934 1170 1078 1196 nomen

101 1223 243 1262 Insano
259 1236 435 1274 posuere.
462 1223 581 1261 Velut
597 1223 714 1269 silvis,
741 1223 807 1260 ubi
825 1222 967 1273 passim

102 1288 282 1327 Palantes
298 1300 407 1326 error
423 1294 533 1325 certo
550 1287 600 1325 de
618 1287 772 1325 tramite
789 1286 914 1337 pellit,

101 1353 174 1391 Ille
189 1353 462 1398 sinistrorsum,
480 1352 544 1389 hic
562 1351 806 1390 dextrorsum
817 1344 922 1396 abit}
935 1364 1034 1390 unus
1051 1353 1145 1390 utri·

103 1416 235 1464 Error,
261 1417 331 1455 sed
346 1416 460 1454 variis
477 1415 604 1454 illudit
619 1415 815 1467 partibus:
835 1416 911 1454 hoc
929 1423 970 1454 te
1045 1418 1145 1468 [que

104 1481 231 1520 Crede
248 1480 365 1519 modo
382 1481 571 1526 insanum,
598 1479 719 1518 nihilo
737 1486 780 1518 ut
796 1480 1007 1532 sapientior
1024 1480 1104 1528 ille,

104 1545 182 1588 Qui
198 1551 239 1583 te
256 1544 422 1590 deridet,
440 1544 603 1582 caudam
620 1544 761 1582 trahat.
790 1543 860 1582 Est
876 1557 999 1596 genus
1017 1558 1138 1584 unum

106 1608 299 1646 Stultitiae
315 1608 477 1646 nihilum
495 1608 704 1646 metuenda
720 1608 914 1652 timentis;
931 1615 975 1646 ut
993 1609 1118 1660 ignes,

105 1673 162 1712 Ut
177 1684 307 1723 rupes,
325 1671 552 1723 fluviosque,
570 1671 609 1710 in
627 1685 763 1723 campo
781 1673 932 1710 obstare
956 1680 1149 1723 queratur.

105 1737 298 1789 Alterum,
305 1743 346 1774 et
359 1736 449 1774 huic
458 1736 617 1782 varium,
624 1743 664 1774 et
677 1736 797 1774 nihilo
810 1736 1032 1787 sapientius,
1040 1737 1151 1788 ignea

103 1800 182 1839 Per
196 1800 357 1846 medios,
374 1799 601 1851 fluviosque,
615 1799 781 1837 ruentis:
802 1800 944 1838 clamet
961 1787 1087 1840 amica

104 1865 249 1911 Mater,
267 1865 429 1903 honesta
446 1877 567 1911 soror,
585 1877 674 1902 cum
692 1864 868 1915 cognatis
883 1872 1008 1916 pater,
1035 1878 1149 1914 uxor,

105 1929 187 1968 Hic
202 1929 304 1967 fossa
320 1937 380 1967 est
397 1929 555 1980 ingens!
578 1929 644 1967 hic
660 1941 776 1979 rupes
792 1928 981 1967 maxima!
999 1932 1132 1968 serva!

105 1994 198 2032 Nou
214 1994 336 2045 magis
352 1993 530 2040 audierit,
558 2005 674 2044 quam
691 1991 822 2031 Fufius
835 1992 964 2031 ebrius
982 1994 1075 2032 olim

108 2058 206 2096 Cum
223 2057 386 2095 Ilionam
402 2057 581 2105 edormit‚
611 2056 783 2095 Catienis
799 2056 905 2094 mille
923 2057 1116 2104 ducentis,

108 2126 123 2145 ‘
134 2121 278 2168 Mater,
291 2129 331 2159 te
342 2121 523 2173 appello,’
530 2121 796 2160 clamantibus.
807 2120 915 2159 Huic
926 2134 1004 2172 ego
1013 2121 1151 2174 vulgus

109 2184 241 2224 Errori
254 2185 417 2224 similem
435 2192 620 2224 cunctum
638 2184 806 2223 insanire
824 2184 989 2224 doceb0.
