1378 2534
140 269 176 295 v.
193 258 282 296 381.
463 254 572 293 ARS
626 252 880 293 POETICA.
1122 258 1195 300 159

102 353 110 361 l
139 364 204 404 Ne
221 365 364 417 spissae
381 363 501 402 risum
517 363 655 402 tollant
673 363 829 415 impune
847 375 1038 401 coronacz

139 431 218 474 Qui
234 430 372 477 nescit,
389 441 524 468 versus
540 436 670 467 tamen
688 428 808 467 audet
824 428 972 479 fingere
984 431 1002 467 t
1022 427 1190 471 Quidni?

136 490 257 534 Liber
273 501 314 534 et
330 494 534 546 ingenuus,
561 493 788 544 praesertim
807 505 946 531 census
973 500 1192 544 equestrem

139 558 335 598 Summam
353 570 612 603 nummorum,
629 556 800 608 vitioque
818 563 989 594 remotus
1007 557 1056 595 ab
1074 557 1192 595 omni.

137 617 200 661 Tu
218 621 314 660 nihil
332 622 453 660 invita
469 621 576 660 dices
592 621 759 659 faciesve
787 620 990 664 Minerva;

136 686 186 725 ld
202 687 273 725 tibi
285 686 476 738 judicium
495 693 567 733 est,
585 698 633 724 ea
650 698 770 724 mens.
789 685 831 723 Si
849 685 942 737 quid
955 692 1086 724 tamen
1101 685 1191 723 olim

142 751 365 803 Scripseris,
391 751 432 789 in
451 751 582 790 Maeci
600 750 812 788 descendat
825 749 968 800 judicis
985 762 1112 795 aures,

139 813 193 854 Et
210 815 344 867 patris,
362 822 403 853 et
420 821 586 862 nostras,
618 825 840 864 nonumque
858 820 1056 864 prematur
1074 814 1112 850 in
1126 826 1194 851 an·

137 878 377 918 Membranis
395 879 498 917 intus
516 878 671 930 positis:
701 878 831 916 delere
849 878 994 924 licebit,
1063 879 1194 928 [num,

137 943 255 986 Quod
272 955 351 981 non
375 942 568 986 edideris;
593 942 718 980 nescit
735 955 813 980 vox
832 941 946 980 missa
964 943 1117 980 reverti.

139 1007 343 1046 Silvestres
359 1006 536 1045 homines
553 1018 664 1044 sacer
683 1005 949 1057 interpresque
967 1007 1129 1045 deorum

133 1065 332 1111 ‘Caedibus
349 1078 391 1109 et
407 1071 515 1109 victu
531 1070 648 1108 foedo
667 1070 857 1108 deterruit
873 1070 1054 1122 Orpheus
1071 1088 1081 1115 ;

136 1136 280 1174 Dictus
297 1136 347 1174 ob
366 1136 443 1174 hoc
460 1135 581 1174 lenire
600 1135 733 1186 tigres,
760 1134 992 1187 rabidosque
1009 1137 1154 1176 leones.

135 1200 278 1239 Dictus
296 1207 338 1238 et
352 1199 566 1251 Amphion,
594 1199 803 1238 Thebanae
824 1200 1001 1238 conditor
1019 1201 1132 1246 arcis,

139 1264 243 1304 Saxa
258 1276 415 1303 movere
435 1276 531 1302 sono
550 1263 768 1311 testudinis,
795 1272 836 1302 et
853 1277 970 1315 prece
988 1265 1131 1303 blanda

135 1327 296 1367 Ducere
315 1341 392 1380 quo
408 1328 540 1366 vellet.
568 1327 659 1365 Fuit
677 1329 775 1366 haec
786 1329 973 1380 sapientia
985 1330 1178 1380 quondam

137 1391 299 1431 Publica
315 1392 475 1443 privatis
493 1405 711 1439 secernere,
738 1406 848 1431 sacra
864 1392 1034 1443 profanis
1050 1409 1060 1436 ;

137 1457 358 1496 Concubitu
377 1457 581 1508 prohibere
599 1470 714 1508 vago,
741 1458 833 1495 dare
848 1459 937 1508 jura
962 1457 1122 1503 maritis,

135 1521 292 1573 Oppida
307 1521 448 1568 moliri,
476 1522 582 1572 leges
602 1522 772 1560 incidere
790 1522 909 1572 ligno.

137 1585 202 1624 Sic
219 1585 344 1623 honor
360 1592 402 1623 et
419 1599 560 1624 nomen
578 1586 715 1624 divinis
734 1585 887 1624 vatibus
905 1593 1024 1637 atque

135 1644 378 1688 Carminibus
391 1649 509 1687 venit.
536 1649 631 1687 Post
648 1650 720 1687 hos
738 1650 898 1700 insignis
918 1651 1129 1697 Homerus,

136 1714 403 1766 Tyrtaeusque
419 1725 544 1751 mares
562 1714 709 1752 animos
727 1714 766 1751 in
787 1714 931 1752 Martia
948 1715 1050 1753 bella

135 1778 320 1817 Versibus
338 1778 516 1825 exacuit3
543 1777 671 1816 dictae
689 1791 760 1828 per
778 1778 949 1816 carmina
965 1788 1088 1817 sortes
1103 1795 1114 1821 ς

137 1842 189 1880 Et
205 1842 306 1880 vitae
325 1849 538 1880 monstrata
554 1843 615 1880 via
633 1849 706 1888 est,
720 1849 761 1880 et
778 1843 904 1894 gratia
921 1856 1057 1894 regum

135 1906 272 1945 Pieriis
290 1913 441 1944 tentata
457 1906 583 1946 modis
598 1922 608 1950 ;
634 1906 826 1958 ludusque
843 1915 1033 1958 repertus,
1063 1930 1067 1934 -

135 1970 189 2008 Et
206 1970 409 2021 longorum
423 1983 583 2021 operum
602 1970 710 2009 finis:
738 1984 788 2009 ne
806 1971 906 2009 forte
925 1971 1064 2022 pudori

138 2033 197 2072 Sit
215 2034 284 2071 tibi
306 2034 419 2073 Musa
436 2035 542 2086 lyrae
561 2035 710 2080 sollers,
738 2042 779 2073 et
798 2043 934 2073 cantor
954 2036 1098 2087 Apollo

136 2097 287 2136 Natura
303 2099 415 2137 fieret
432 2099 624 2137 laudabile
644 2112 813 2146 carmen,
841 2113 890 2138 an
908 2108 1005 2147 arte,

137 2163 365 2205 Quaesitum
379 2171 451 2202 est.
480 2164 566 2214 Ego
581 2177 654 2203 nec
666 2164 837 2203 studium
848 2164 930 2203 sine
945 2165 1065 2203 divite
1076 2178 1188 2212 vena,
