1378 2534
186 236 261 273 160
495 228 603 268 ARS
657 228 914 272 POETICA.
1099 249 1137 277 v·
1153 237 1247 279 410.

186 343 274 382 Nec
294 342 390 381 rude
403 341 496 393 quid
510 341 631 393 possit
641 341 756 380 video
770 342 994 394 ingenium:
1014 345 1172 391 alterius
1184 347 1246 388 εἰσ

185 409 325 447 Altera
342 407 469 459 poscit
487 420 601 458 opem
619 419 695 453 reS,
715 413 756 445 et
775 409 954 459 conjurat
970 410 1107 451 amice.

183 473 262 516 Qui
280 472 413 511 studet
427 478 599 523 optatam
620 483 735 508 cursu
754 473 985 524 contingere
1002 482 1163 523 metam,

184 528 314 576 Multa
331 537 422 575 tulit
438 535 611 587 fecitque
629 548 752 587 puer:
777 537 990 578 sudavit-et
1006 539 1095 581 alsit
1109 557 1120 585 ;

182 602 387 641 Abstinuit
405 602 576 648 Venere,
594 607 636 638 et
653 600 768 639 vino:
797 602 863 654 qui
883 601 1027 654 Pythia
1042 612 1176 645 cantat

182 668 362 712 Tibicen,
382 666 519 704 didicit
537 665 660 716 prim,
679 666 939 718 extimuitque
957 669 1198 720 magistrum.

179 734 268 772 Nec
287 733 378 771 satis
398 739 458 770 est
477 730 635 775 dixisse,
656 735 668 753 ‘
686 730 773 781 Ego
788 732 884 770 mira
896 735 1077 784 poe'mata
1092 749 1243 788 pnngoz

181 803 194 822 ‘
214 798 395 849 Occupet
414 803 635 834 extremum
654 796 829 834 scabies:
858 797 953 835 mihi
981 805 1096 851 turpe
1124 801 1247 841 relin-

386 861 453 913 qui
473 868 546 906 est,

179 934 191 952 ‘
212 927 277 973 Et,
298 927 403 978 quod
422 940 499 964 non
518 925 652 971 didici,
671 938 764 964 sane
783 926 935 982 nescire
953 927 1098 967 fitteri!

179 993 236 1031 Ut
253 1005 411 1043 praeco,
431 991 480 1028 ad
494 1003 644 1029 merces
659 991 814 1028 turbam
829 991 894 1042 qui
909 993 1017 1044 cogit
1034 995 1245 1043 emonam.

177 1059 455 1095 Assentatores
468 1056 582 1106 jubet
599 1055 650 1094 ad
667 1056 818 1094 lucrum
837 1057 894 1095 ire
911 1060 1031 1108 poeta

175 1122 298 1160 Dives
316 1121 432 1173 agriS‚
453 1120 561 1158 dives
578 1121 714 1172 positis
733 1121 773 1159 in
794 1121 930 1160 fenore
953 1123 1134 1163 nummis.

176 1187 217 1224 Si
236 1199 329 1224 vero
348 1192 421 1232 est,
441 1193 602 1224 unctum
622 1187 688 1238 qui
707 1194 816 1225 recte
833 1200 980 1238 ponere
997 1189 1134 1240 possit,

170 1250 227 1289 'Et
245 1250 438 1302 spondere
457 1250 531 1288 levi
551 1264 622 1301 pro
640 1264 827 1302 paupere,
847 1259 888 1291 et
905 1253 1057 1305 eripere
1075 1255 1174 1294 atris?

170 1316 327 1354 Litibus
346 1315 574 1366 implicitum
591 1331 601 1359 ;
627 1316 809 1363 mirabor,
829 1318 861 1355 si
879 1317 977 1356 sciet
994 1318 1114 1358 inter-

171 1381 347 1419 Noscere
366 1380 594 1418 mendacem
612 1392 826 1432 verumque
845 1382 983 1421 beatus
999 1385 1182 1428 amicum.

171 1445 247 1492 Tu,
267 1458 336 1482 seu
355 1443 509 1482 donaris
527 1457 596 1482 seu
615 1445 710 1496 quid
727 1445 873 1484 donare
890 1447 998 1486 voles
1022 1449 1102 1496 cui,

170 1509 305 1547 Nolito
324 1509 373 1547 ad
392 1521 525 1546 versus
544 1508 615 1547 tibi
634 1509 758 1547 factos
778 1510 923 1549 ducere
941 1511 1103 1563 plenum

170 1574 385 1613 Laetitiae:
415 1573 598 1612 clamabit
610 1574 727 1619 enim,
743 1574 936 1614 Pulchre!
954 1576 1079 1616 bene!
1099 1581 1236 1619 recte!-

169 1639 385 1683 Pallescet;
413 1651 529 1692 super
547 1638 606 1676 his
626 1638 743 1677 etiam
761 1639 921 1678 stillabit
937 1641 1073 1680 amicis

168 1703 231 1741 Ex
251 1703 374 1742 oculis
393 1716 519 1741 rorem
535 1720 544 1747 ;
570 1704 696 1750 saliet,
715 1705 856 1743 tundet
874 1705 976 1756 pede
999 1713 1163 1746 tertam.

169 1768 238 1813 Ut,
259 1768 324 1819 qui
344 1767 529 1806 conducti
548 1768 703 1819 plorant
720 1769 759 1806 in
779 1769 932 1817 funere,
951 1769 1088 1813 dicunt

167 1832 219 1869 Et
238 1832 388 1870 faciunt
405 1845 527 1884 prope
546 1833 661 1884 plura
673 1833 895 1872 dolentibus
913 1846 966 1873 ex
982 1835 1136 1881 animm
1153 1835 1221 1875 sic.

164 1895 329 1934 Derisor
347 1910 440 1934 vero
458 1898 545 1948 plus
564 1898 766 1937 laudatore
779 1907 969 1937 movetur.

166 1960 298 2011 Reges
316 1961 500 1999 dicuntur
518 1963 647 2000 multis
667 1976 835 2015 urguere
853 1963 1035 2011 culullis,‘

164 2024 216 2062 Et
236 2032 418 2076 torquere
438 2039 558 2073 mero,
579 2040 695 2078 quem
713 2028 958 2078 perspexisse
980 2028 1179 2078 laborant,-

164 2090 230 2126 An
249 2089 299 2126 sit
317 2089 486 2128 amicitia
505 2090 668 2141 dignus:
696 2091 727 2129 si
743 2092 915 2131 carmina
933 2093 1095 2142 condes,

163 2151 372 2203 Nunquam
391 2161 430 2192 te
449 2154 586 2193 fallant
602 2156 720 2194 animi
738 2146 810 2195 sub
829 2157 943 2210 vulpe
962 2158 1156 2202 latentes.-
