1378 2534
188 229 241 270 84·
423 230 826 272 EPISTOLARUM
878 234 912 271 Ι.
963 234 990 272 i.
1128 247 1168 273 v.
1186 237 1274 276 14„

191 341 347 380 Nullius
366 342 544 381 addictus
558 344 690 394 J'urare
710 343 749 381 in
767 344 888 390 verba
904 344 1092 396 magistri,

191 408 282 450 Quo
299 420 362 445 me
382 421 548 459 cumque
568 408 669 460 rapit
687 416 913 461 tempestas,
925 409 1080 448 deferor
1094 409 1247 462 hospes.

191 472 312 510 Nunc
330 473 441 524 agilis
458 473 524 520 fio,
552 480 593 511 et
611 485 759 511 mersor
778 474 955 512 civilibus
972 474 1102 523 undis,
1216 472 1219 475 ’

190 537 357 575 Virtutis
376 550 492 576 verae
511 545 655 584 custos,
683 538 908 590 rigidusque
927 539 1106 577 satelles:

190 602 309 640 Nunc
328 602 367 639 in
389 602 579 654 Aristippi
597 603 732 641 furtim
752 610 966 655 praecepta
982 604 1150 651 relabor,

189 664 246 705 Et
264 667 358 704 mihi
378 680 452 714 res,
480 680 559 705 non
577 681 640 705 me
659 668 789 714 rebus,
817 668 1054 719 subjungere
1073 682 1207 708 conor.

191 731 250 770 Ut
268 745 347 770 nox
366 732 497 783 longa,
526 733 665 784 quibus
683 733 872 770 mentitur
891 733 1028 779 amica,
1047 733 1208 785 diesque

190 795 332 847 Longa
349 796 504 834 videtur
522 810 618 847 opus
638 797 891 842 debentibus;
919 804 963 836 ut
980 798 1092 849 piger
1110 811 1234 837 annus

190 860 369 912 Pupillis,
398 874 494 912 quos
513 861 611 899 dura
628 861 770 912 premit
789 862 966 900 custodia
985 871 1174 901 matrum:

191 924 258 968 Sic
277 925 372 963 mihi
390 926 502 965 tarda
519 925 648 963 fluunt
665 926 893 977 ingrataque
912 933 1101 978 tempora,
1122 939 1222 978 quae

402 1004 511 1043 spem

194 1055 489 1107 Consiliumque
507 1062 709 1098 morantur
727 1055 867 1106 agendi
880 1055 1058 1106 gnaviter
1071 1055 1125 1102 id,
1145 1055 1251 1107 quod

194 1123 337 1173 Aeque
355 1120 589 1173 pauperibus
608 1119 782 1171 prodest,
800 1120 1060 1171 locupletibus
1078 1132 1225 1172 aeque;

194 1187 351 1237 Aeque,
371 1185 609 1236 neglectum,
635 1184 767 1235 pueris
785 1184 1018 1235 senibusque
1037 1184 1208 1222 nocebit.

194 1252 349 1298 Restat,
377 1257 421 1288 ut
439 1250 499 1287 his
518 1262 593 1300 ego
611 1261 674 1286 me
694 1248 776 1299 ipse
795 1260 927 1298 regam
946 1248 1127 1300 solerque
1145 1249 1225 1291 ele-

400 1314 567 1353 mentis:

193 1386 285 1424 Non
304 1383 426 1436 possis
445 1380 560 1419 oculo
579 1386 764 1431 quantum
783 1378 1022 1416 contendere
1049 1379 1248 1431 Lynceus,

193 1451 286 1488 Non
305 1457 434 1486 tamen
455 1445 602 1483 idcirco
617 1450 842 1482 contemnas
860 1442 988 1494 lippus
1006 1443 1193 1495 inungui;

190 1515 295 1560 Nec,
323 1512 414 1564 quia
432 1511 614 1561 desperes
634 1508 767 1545 invicti
786 1508 960 1545 membra
978 1506 1183 1559 Glyconis,

195 1580 357 1618 Nodosa
375 1588 516 1627 corpus
535 1574 634 1612 nolis
651 1573 858 1625 prohibere
879 1572 1089 1624 cheragra:

195 1644 267 1682 Est
287 1642 452 1694 quadam
471 1639 626 1694 prodire
645 1645 773 1684 tenus,
801 1637 832 1674 si
852 1651 930 1675 non
949 1637 1064 1675 datur
1082 1637 1196 1676 ultra.

193 1710 335 1748 Fervet
354 1705 527 1751 avaritia,
555 1704 772 1754 miseroque
792 1702 989 1754 cupidine,
1007 1709 1147 1754 pectus
1163 1703 1177 1741 ?

196 1766 295 1812 Sunt
314 1772 434 1810 verba
451 1777 491 1807 et
508 1781 639 1814 voces,
659 1769 798 1819 quibus
816 1768 921 1805 hunc
940 1767 1060 1805 lenire
1075 1767 1250 1806 dolorem

194 1836 339 1882 Possis,
367 1842 407 1872 et
426 1846 603 1884 magnam
623 1832 747 1870 morbi
766 1832 963 1883 deponere
982 1838 1144 1882 partem.

193 1900 340 1939 Laudis
355 1912 485 1936 amore
499 1898 653 1935 tumes?
675 1905 764 1934 sunt
780 1903 888 1934 certa
898 1896 1064 1946 piacula,
1077 1908 1177 1946 quae
1192 1903 1247 1943 te,

196 1966 275 2004 Ter
293 1976 390 2015 pure
410 1963 527 2008 lecto,
555 1969 740 2013 poterunt
755 1973 947 2006 recreare,
975 1959 1119 1997 libello.

193 2030 368 2075 InviduS‚
388 2028 610 2074 iracundus,
629 2027 745 2073 iners,
764 2026 933 2071 vinosus,
952 2031 1114 2071 amator,

195 2095 324 2137 Nemo
343 2093 441 2131 adeo
458 2092 562 2129 ferus
581 2098 653 2137 est,
683 2098 725 2128 ut
744 2104 820 2128 non
839 2089 1044 2127 mitescere
1063 2089 1198 2140 possit,

199 2159 240 2206 Si
258 2158 375 2203 modo
393 2156 566 2201 culturae
586 2155 797 2208 patientem
817 2154 1038 2201 commodet
1056 2166 1202 2199 aurern,
