1378 2534
198 238 272 276 128
443 237 848 279 EPISTOLARUM
899 239 954 279 Π-
1005 240 1032 279 i.
1134 242 1262 286 vetes

198 347 290 385 Non
308 347 487 399 equidem
505 348 688 396 insector,
721 349 932 389 delendave
950 351 1122 392 carmina
1137 351 1228 392 Livi

198 410 295 451 Esse
313 425 415 459 reor,
443 413 600 451 memini
619 427 717 465 quae
735 415 938 467 plagosum
955 416 1051 458 mihi
1067 418 1188 469 parvo

198 477 389 515 Orbilium
409 477 556 516 dictare
572 493 582 522 ;
609 479 679 516 sed
692 479 898 520 emendata
909 480 1048 529 videri,

195 542 456 593 Pulchraque‚
475 550 516 581 et
535 544 684 582 exactis
694 544 1104 592 minimumdiatantia,
1120 545 1254 587 minor.

193 606 303 645 Inter
322 620 421 658 quae
438 609 598 646 verbum
617 608 776 646 emicuit
793 609 824 647 si
841 609 944 648 forte
961 600 1170 658 deefflum,v
1297 604 1301 606 Ἴ

196 669 236 710 Si
254 685 387 710 versus
405 673 534 723 paullo
553 673 781 712 concinnior
798 687 898 713 unus
915 681 959 714 et·
972 675 1086 722 alter,

191 737 343 788 Injuste
361 745 486 776 totum
505 738 614 776 ducit
630 737 841 790 venditque
858 740 1010 790 ptffima.
1035 767 1038 771 -

190 802 380 854 Indignor
399 803 606 854 quidquam
626 803 821 854 reprendi,
837 816 919 843 non
937 803 1031 855 quia
1045 817 1175 846 αωοβ

191 868 473 919 Compositum,
493 867 710 919 illepideve,
728 874 900 919 putetur,
918 867 997 909 sed
993 868 1092 920 quia
1108 879 1252 921 nuper·

190 931 278 970 Nec
296 932 448 970 veniam
466 931 649 982 antiquis,
676 931 747 970 sed
764 931 955 971 honorem
966 940 1008 972 et
1024 933 1198 985 praemia

396 997 516 1048 posci.

190 1062 317 1100 Recte
336 1075 460 1100 necne
480 1074 639 1100 crocum
653 1062 848 1114 floresque
866 1057 1110 1114 perambulat
1126 1063 1258 1104 Anat?

190 1127 350 1173 Fabula,
374 1127 409 1167 si
428 1127 628 1170 dubitem;
656 1126 824 1165 clament
841 1126 1003 1178 periisse
1018 1126 1215 1178 pudorem

189 1192 334 1230 Cuncti
353 1204 475 1243 paene
494 1199 637 1242 patres,
656 1203 703 1229 ea
721 1204 811 1229 cum
830 1190 1067 1242 reprendere
1086 1203 1221 1238 coner,

188 1256 300 1296 Quae
319 1255 444 1305 gravis
465 1255 659 1305 Aesopus,
679 1266 777 1306 quae
796 1254 936 1293 doetus
955 1253 1249 1306 Roscimegitae

186 1319 262 1357 Vel
278 1320 367 1370 quia
382 1319 434 1357 nil
446 1327 610 1365 rectum,
624 1319 698 1356 nisi
712 1318 816 1369 quod
827 1318 975 1370 placuit
984 1318 1072 1364 sibi,
1083 1317 1247 1364 ducunt}

186 1383 261 1421 Vel
276 1384 366 1435 quia
379 1391 492 1435 turpe
505 1390 645 1434 putant
658 1395 795 1434 parere
808 1383 1035 1429 minoribus,
1054 1389 1108 1430 et,
1127 1394 1232 1435 quae

185 1448 358 1486 lmberbi
377 1448 564 1494 didicere,
592 1460 704 1486 senes
722 1447 922 1499 perdenda
937 1447 1065 1487 fateri.
1150 1487 1154 1490 ,

184 1513 274 1551 Jam
296 1512 441 1550 Saliare
462 1512 621 1553 Numae
633 1524 790 1550 carmen
810 1511 875 1563 qui
894 1511 1042 1560 laudat,
1059 1518 1102 1551 et
1117 1511 1230 1561 illud,

186 1578 303 1619 Quod
320 1590 473 1616 mecum
493 1577 658 1627 ignorat,
677 1576 883 1615 solus‘vult
901 1576 1000 1614 scire
1019 1576 1167 1623 videt-53

183 1641 357 1692 Ingeniis
376 1654 455 1679 non
474 1641 537 1691 ille
556 1641 661 1679 favet
678 1640 906 1692 plauditque
925 1641 1101 1693 sepultis,

183 1706 329 1744 Nostra
348 1706 417 1743 sed
435 1706 650 1757 impugnat,
669 1719 739 1743 nos
758 1713 968 1757 nostraque
986 1706 1125 1747 liv-idus
1146 1706 1244 1746 odit.

184 1770 298 1812 Quod
318 1770 349 1807 si
369 1778 447 1808 tam
467 1770 596 1808 Graiis
615 1770 764 1808 novitas
782 1768 906 1808 invisa
922 1769 1074 1816 fuisset,

184 1837 311 1878 Quam
330 1836 455 1881 nobis,
484 1835 577 1886 quid
593 1847 700 1874 nunc
731 1841 832 1874 esset
849 1835 989 1873 vetus?
1022 1841 1091 1874 aut
1121 1835 1217 1887 quid

387 1900 563 1946 haberet,

181 1965 298 2007 Quod
314 1965 464 2015 legeret
482 1972 706 2016 tereretque
725 1963 867 2002 viritim
885 1962 1066 2015 publicus
1079 1964 1202 2004 usus-2

178 2029 236 2068 Ut
253 2029 420 2081 primum
439 2029 575 2079 positis
594 2029 730 2080 nugari
750 2028 919 2066 Graecia
935 2027 1048 2066 bellis
1271 2023 1274 2026 ⁴

180 2094 336 2145 Coepit,
356 2101 396 2132 et
413 2093 453 2130 in
470 2092 606 2131 vitium
625 2094 781 2132 fortuna
798 2092 918 2131 labier
936 2105 1074 2144 aequa,

180 2157 296 2201 Nunc
315 2158 547 2197 athletarum
566 2158 717 2206 studiis,
746 2171 851 2197 nunc
869 2157 963 2196 arsit
983 2168 1198 2209 equorumt
