1378 2534
185 209 260 247 148
502 206 610 247 Ans
665 206 920 251 POETICA.
1125 186 1254 259 veis(

183 318 265 357 Res
283 326 418 371 gestae
435 332 650 373 regumque
668 322 887 375 ducumque
901 330 944 362 et
958 323 1084 363 tristia
1100 325 1204 366 bella

183 385 272 426 Quo
291 385 405 423 scribi
423 393 580 436 possent
597 399 774 435 numero,
785 390 1013 428 monstravit
1031 388 1240 431 Homerus.

181 448 367 487 Versibus
385 450 580 502 impariter
594 453 741 503 junctis
758 454 1006 505 queremonia
1023 455 1204 507 primurm

181 513 278 551 Post
296 515 413 552 etiam
429 516 577 555 inclusa
594 525 654 556 est
671 519 750 557 voti
769 519 961 558 sententia
977 532 1136 572 compos
1148 534 1163 558 ι

182 583 278 625 Quis
296 590 424 622 tamen
445 585 607 636 exiguos
625 587 757 638 elegos
775 588 944 627 emiserit
961 595 1109 635 auctor,

182 647 435 687 Grammatici
454 657 618 698 certant,
647 659 686 690 et
704 652 832 691 adhuc
852 653 923 692 sub
936 653 1069 704 judice
1086 653 1134 692 lis
1151 662 1226 694 est.

182 713 465 752 Archilochum
483 716 640 767 proprio
658 718 781 756 rabies
799 719 958 757 armavit
985 719 1136 757 iambo:
1167 736 1170 738 “
1226 748 1230 752 -

181 779 302 817 Hunc
321 780 427 818 socci
446 793 585 832 cepere
602 782 755 833 pedem,
781 784 1025 836 grandesque
1043 782 1238 833 cothurni,

181 843 355 882 Alternis
374 852 505 896 aptum
525 848 777 895 sermonibus,
805 855 845 886 et
862 850 1067 902 populares

180 909 413 948 Vincentem
431 911 627 962 strepitus,
655 919 694 950 et
713 920 845 951 natum
864 915 979 952 rebus
996 915 1169 966 agendis,

180 974 299 1012 Musa
317 975 424 1012 dedit
442 975 582 1013 fidibus
600 976 722 1023 divos,
741 990 960 1030 puerosque
977 979 1154 1026 deorum,

180 1039 234 1077 Et
245 1040 416 1090 pugilem
426 1040 668 1087 victorem,et
682 1054 823 1093 equum
836 1043 1048 1082 certamine
1058 1044 1238 1096 primum,

181 1105 233 1142 Et
248 1107 434 1156 juvenum
453 1119 578 1152 curas,
596 1113 638 1144 et
654 1107 775 1145 libera
792 1108 894 1154 vina,
913 1108 1070 1148 referre.

178 1171 408 1222 Descriptas
426 1178 579 1210 servare
594 1171 712 1217 vices,
731 1185 968 1224 operumque
985 1175 1152 1221 colores,

180 1237 262 1275 Cur
280 1249 368 1287 ego,
388 1236 419 1274 si
437 1249 589 1287 nequeo
607 1235 835 1288 ignoroq‘ue,
853 1239 970 1289 poeta
987 1238 1159 1278 salutar?

179 1301 261 1339 Cur
279 1300 443 1347 nescire,
460 1301 611 1352 pudens
627 1314 759 1353 prave,
778 1315 892 1354 quam
910 1302 1074 1349 discere,
1090 1302 1222 1343 malo?

179 1366 365 1403 Versibus
384 1366 528 1416 exponi
546 1365 704 1417 tragicis
722 1379 784 1404 res
802 1367 953 1405 comIca
969 1380 1047 1406 non
1061 1368 1168 1407 vult:

175 1430 409 1480 Indignatur
426 1430 518 1467 item
535 1430 692 1482 privatis
710 1443 756 1470 ac
773 1443 896 1483 prope
913 1444 1032 1470 socco

177 1489 319 1545 Dignis
348 1494 579 1532 carminibus
597 1496 741 1534 narrari
761 1508 884 1535 coena
901 1495 1108 1548 Tthestae.

179 1559 341 1609 Singula
356 1571 533 1610 quaeque
549 1560 678 1598 locum
693 1565 852 1599 teneant
865 1561 1001 1600 sortita
1018 1561 1237 1603 decentem.

176 1623 378 1661 Interdum
396 1631 525 1663 tamen
544 1632 584 1663 et
600 1638 736 1664 vocem
762 1626 974 1677 Comoedia
989 1626 1104 1674 tollit,

176 1689 381 1740 Iratusque
401 1684 586 1728 Chremes
604 1690 753 1729 tumido
771 1691 946 1742 delitigat
964 1703 1044 1730 ore.

176 1753 228 1790 Et
248 1754 418 1803 tragicus
435 1754 663 1806 plerumque
681 1755 788 1794 dolet
805 1767 984 1794 sermone
1001 1755 1171 1808 pedestri
1186 1770 1197 1794 ε

174 1820 373 1870 Telephus
393 1826 432 1858 et
444 1819 598 1874 Ijeleus„
614 1833 702 1858 cum
717 1833 864 1872 pauper
877 1827 918 1860 et
931 1818 1041 1859 exsul
1055 1828 1233 1873 uterque,

172 1882 334 1933 Projicit
353 1884 538 1935 ampullas
558 1892 598 1922 et
617 1885 896 1937 sesquipedalia
917 1886 1048 1931 verba,

173 1947 215 1985 Si
236 1956 345 1985 curat
365 1961 431 1985 cor
449 1950 659 1999 spectantis
677 1949 852 2000 tetigisse
871 1949 1038 2000 querela.

173 2012 264 2050 Non
284 2013 374 2050 satis
393 2020 450 2050 est
462 2013 624 2064 pulchra
639 2027 723 2052 esse
737 2011 937 2065 poemat&
969 2013 1099 2052 dulcia
1117 2020 1232 2053 sunto

172 2076 225 2114 Et
245 2090 478 2128 quocunque
497 2079 641 2124 volent,
661 2079 829 2116 animum
845 2078 1028 2117 auditoris
1047 2086 1206 2129 agunto.

173 2141 230 2178 Ut
248 2141 463 2180 ridentibus
483 2142 665 2190 arrident,
686 2144 737 2182 ita
755 2143 938 2182 flentibus
957 2143 1115 2190 adflent,
