1378 2534
107 289 147 316 v.
166 277 229 319 72.
334 269 738 312 EPISTOLARUM
762 315 767 322 ,
789 269 822 309 1.
875 270 938 310 vii.
1115 271 1166 310 99

107 388 165 427 Ut
182 392 341 436 ventum
354 385 404 423 ad
418 396 578 422 coenam
593 389 666 429 est,
679 381 857 428 dicenda,
872 379 1038 419 tacenda
1051 379 1157 418 locu-

107 451 282 490 Tandem
294 449 501 488 dormitum
516 448 734 486 dimittitur.
755 446 834 484 Hic
849 445 915 484 ubi
930 457 1046 496 saepe
1059 445 1158 494 [tus,

106 515 320 554 Occultum
337 514 441 552 visus
460 513 667 551 decurrere
684 511 801 563 piscis
819 511 869 549 ad
887 510 1057 555 hamum,

104 580 228 619 Mane
246 580 380 626 cliens,
399 586 438 616 et
452 580 533 629 jam
552 584 681 615 certus
700 576 860 614 conviva
876 591 885 618 ς
908 575 1070 625 jubetur

106 646 214 685 Rura
231 645 451 684 suburbana
469 642 624 680 indictis
644 653 774 679 comes
793 641 849 678 ire
867 639 1030 677 Latinis.

104 711 315 763 Impositus
332 708 496 754 mannis,
515 719 648 744 arvum
668 705 896 756 coelumque
919 704 1104 742 Sabinum

104 774 196 813 Non
215 779 340 812 cessat
357 771 527 810 laudare.
557 769 673 806 Videt
691 767 868 819 ridetque
888 767 1114 819 Philippus:

104 838 172 885 Et,
187 837 259 876 sibi
277 837 369 876 dum
383 835 570 887 requiem,
586 834 676 872 dum
692 833 790 870 risus
809 832 980 883 undique
993 830 1160 883 quaerit,

103 902 211 941 Dum
229 908 378 953 septem
397 900 515 938 donat
533 897 723 944 sestertia,
750 905 885 936 mutua
908 904 1058 948 septem

104 965 315 1012 Promittit,
333 964 542 1016 persuadet
561 963 617 1000 uti
636 969 830 1000 mercetur
848 961 1031 1013 agellum.

104 1028 319 1068 Mereatur.
346 1028 408 1066 Ne
427 1035 466 1065 te
484 1027 610 1078 longis
629 1026 853 1077 ambagibus
873 1025 973 1063 ultra

105 1095 231 1136 Quam
245 1093 338 1131 satis
352 1099 411 1129 est
423 1104 569 1135 morer;
588 1103 637 1128 ex
653 1089 775 1128 nitido
787 1089 831 1126 fit
843 1089 1025 1134 rusticus,
1041 1080 1162 1138 atque*

106 1158 244 1197 Sulcos
262 1164 303 1196 et
319 1156 450 1194 vineta
465 1161 598 1206 crepat
616 1166 743 1203 mera:¹
762 1159 967 1204 praeparat
985 1152 1132 1190 ulmos:

104 1222 327 1260 Immoritur
345 1219 494 1265 studiis,
514 1227 555 1258 et
573 1231 703 1257 amore
722 1217 891 1255 senescit
909 1216 1091 1255 habendi.

103 1286 265 1333 Verum,
284 1285 351 1323 ubi
370 1297 460 1323 oves
478 1283 597 1331 furto,
622 1283 757 1321 morbo
775 1282 925 1333 periere
945 1280 1131 1332 capellae,

106 1351 224 1402 Spem
242 1349 405 1388 mentita
421 1361 547 1400 seges,
574 1348 644 1385 bos
664 1354 723 1385 est
741 1353 901 1384 enectus
920 1345 1065 1383 arando
1081 1361 1092 1390 ;

104 1414 284 1453 Offensus
303 1414 466 1459 damnis,
485 1412 612 1450 media
630 1412 679 1450 de
699 1418 815 1450 nocte
834 1409 1026 1448 caballum

105 1478 270 1530 Arripit,
297 1479 494 1529 iratusque
514 1476 681 1527 Philippi
701 1474 826 1513 tendit
843 1475 893 1512 ad
910 1474 1040 1512 aedes.

104 1544 232 1586 Quem
250 1543 362 1581 simul
380 1542 559 1593 adspexit
577 1542 756 1580 scabrum
774 1540 1048 1590 intonsumque
1068 1538 1157 1576 Phi-

307 1608 434 1658 lippus
449 1622 459 1651 ;

105 1672 252 1718 Durus,
279 1671 346 1717 ait,
374 1670 522 1716 Vultei,
547 1670 660 1708 nimis
679 1675 928 1720 attentusque
946 1669 1088 1706 videris

106 1735 203 1773 Esse
220 1735 326 1773 mihi.
354 1734 427 1773 Pol
443 1747 505 1772 me
523 1733 719 1779 miserum,
734 1740 912 1784 patrone,
929 1746 1106 1779 vocares,

107 1799 150 1838 Si
166 1799 300 1846 velles,
320 1799 458 1850 inquit,
476 1811 609 1837 verum
627 1797 721 1835 mihi
739 1810 885 1847 ponere
903 1810 1058 1835 nomen.

109 1864 225 1908 Quod
241 1871 282 1902 te
299 1877 369 1915 per
388 1863 572 1909 Genium,
600 1863 870 1914 dextramque,
889 1862 1062 1914 deosque
1082 1861 1155 1901 Pe-

314 1935 438 1974 nates,

107 1991 284 2031 Obsecro
302 2000 342 2030 et
359 1993 547 2038 obtestor,
575 1992 679 2030 vitae
699 2005 762 2030 me
780 1992 900 2030 redde
923 1992 1056 2043 priori.

107 2056 186 2099 Qui
203 2056 322 2094 semel
339 2057 531 2107 adspexit,
550 2063 737 2108 quantum
752 2056 906 2094 dimissa
923 2057 1056 2108 petitis

86 2176 89 2178 Δ
107 2120 325 2167 Praestent,
342 2128 492 2159 mature
512 2122 658 2168 redeat,
678 2129 904 2173 repetatque
922 2122 1071 2160 relicta.

107 2184 244 2223 Metiri
255 2198 296 2223 se
308 2198 500 2238 quemque
514 2199 583 2226 suo
598 2186 755 2224 modulo
769 2199 815 2226 ac
826 2187 926 2239 pede
939 2198 1074 2225 verum
1088 2192 1158 2224 est.

157 2262 276 2302 Tou.
307 2262 366 2303 11.
639 2263 679 2303 N
709 2265 734 2301 2
