1378 2534
184 274 210 309 8
317 279 321 283 ·
454 269 774 312 SERMONUM
826 271 859 311 1.
911 269 950 311 ii.
1127 287 1164 313 v·
1174 274 1240 315 62

183 384 284 422 Rem
293 383 414 435 patris
425 383 625 431 oblimare,
636 383 780 421 malum
791 391 851 421 est
862 383 1107 435 ubicumque.
1131 383 1238 427 Quid

182 449 254 487 Est
272 449 310 486 in
322 456 511 496 matrona,
526 448 679 495 ancilla,
697 461 890 500 peccesne
903 449 1060 499 togata?
1095 449 1237 499 [inter—

179 514 318 552 Villius
337 515 377 552 in
397 514 538 552 Fausta
557 514 686 552 Sullae
705 526 839 565 gener,
857 513 934 552 hoc
951 513 1067 552 miser
1086 527 1164 552 uno

179 579 349 618 Nomine
368 579 569 631 deceptus,
581 591 726 630 poenas
745 578 854 616 dedit
873 590 1008 630 usque,
1026 589 1235 630 superque,

178 646 306 688 Quam
324 644 416 683 satis
434 650 516 689 est;
543 644 683 695 pugnis
703 656 852 691 caesus,
868 642 1050 695 ferroque
1063 643 1235 694 petitus;

175 710 373 749 Exclusus
389 710 488 756 fore,
516 723 605 748 cum
623 708 879 760 Longarenus
896 708 998 747 foret
1014 708 1132 746 intus.

176 777 285 815 Huic
303 776 335 814 si
361 774 530 813 mutonis
547 774 689 820 verbis,
708 774 809 811 mala
826 780 935 811 tanta
946 773 1129 819 videntis,

174 841 340 879 Diceret
350 841 449 878 haec
455 839 621 881 animus;
634 838 739 880 Quid
746 838 803 875 vis
814 837 905 876 tibi?
921 837 1111 888 numquid
1122 849 1198 888 ego
1209 846 1235 875 a

172 905 324 957 Magno
338 911 570 956 prognatum
589 903 760 954 deposco
773 902 933 940 consule
948 915 1133 948 cunnum,
1167 903 1232 950 [te

171 971 432 1021 Velatumque
452 969 563 1014 stola,
582 981 670 1006 mea
688 981 777 1005 cum
795 966 1016 1015 conferbuit
1034 967 1116 1004 ira?

172 1035 278 1079 Quid
296 1034 576 1085 responderet?
606 1032 756 1083 Magno
773 1038 884 1083 patre
902 1037 994 1070 nata
1010 1030 1142 1082 puella
1158 1037 1231 1069 est.

171 1102 229 1138 At
247 1106 393 1151 quanto
411 1098 572 1136 meliora
588 1103 736 1143 monet,
754 1096 1046 1148 pugnantiaque
1065 1095 1162 1142 istis,

169 1166 292 1204 Dives
310 1164 394 1215 opis
409 1163 561 1200 Natura
578 1174 684 1207 suae,
702 1167 747 1198 tu
765 1161 797 1198 si
815 1161 932 1198 modo
949 1167 1059 1199 recte

168 1232 407 1282 Dispensare
425 1229 535 1275 velis,
553 1240 600 1265 ac
619 1240 697 1265 non
714 1216 902 1277 fugienda
918 1226 1100 1277 petendis

166 1295 390 1342 Immiscere
406 1296 415 1332 !
444 1293 530 1330 Tuo
548 1291 656 1338 vitio,
675 1301 871 1336 rerumne,
888 1290 1055 1336 labores,

166 1361 234 1398 Nil
246 1359 391 1397 referre
409 1357 549 1410 putas?
579 1357 725 1402 Quare,
753 1367 804 1393 ne
821 1354 1022 1406 poeniteat
1039 1361 1094 1402 te,

165 1425 316 1462 Desine
334 1430 529 1460 matronas
548 1420 756 1464 sectarier;
782 1419 887 1458 unde
905 1418 1047 1458 laboris

166 1489 259 1527 Plus
266 1488 420 1525 haurire
431 1486 523 1524 mali
530 1493 721 1536 est‚quam
728 1496 779 1522 ex
786 1496 829 1522 re
836 1483 1050 1534 decerpere
1060 1483 1224 1522 fructus.

164 1554 251 1592 Nec
269 1551 392 1603 magis
406 1551 512 1597 huic,
527 1551 629 1587 inter
640 1549 772 1587 niveos
785 1547 1004 1599 viridesque
1021 1547 1172 1599 lapillos

165 1619 224 1658 Sit
235 1618 342 1664 licet,
354 1615 653 1663 hoc,Cerinthe,
665 1620 734 1651 tuo
746 1619 926 1651 tenerum
937 1619 998 1651 est
1007 1613 1148 1661 femur,
1156 1620 1227 1653 aut

162 1682 463 1732 Rectiuszatque
471 1679 587 1717 etiam
594 1678 1225 1729 meliuspersaepetogatae.[crus

164 1747 281 1785 Adde
292 1747 384 1792 huc,
398 1744 503 1796 quod
514 1755 685 1782 mercem
696 1743 780 1780 sine
790 1741 891 1780 fucis
902 1749 1032 1793 gestat
1043 1758 1054 1787 ;
1070 1750 1223 1794 aperte,

161 1812 278 1855 Quod
283 1810 419 1848 venale
429 1805 975 1857 habet,ostendit;nec,siquid
982 1805 1136 1844 honesti
1147 1813 1222 1853 est,

159 1877 186 1915 J
187 1882 293 1915 aetat
310 1874 505 1923 habetque
523 1871 665 1923 palam,
691 1869 844 1922 quaerit
860 1882 939 1920 quo
955 1869 1085 1920 turpia
1102 1869 1220 1908 celet.

160 1940 335 1992 Regibus
346 1938 411 1975 hic
422 1950 506 1975 mos
517 1944 596 1975 est·
606 1936 672 1974 ubi
685 1947 806 1986 equos
817 1940 1055 1980 mercantur,
1062 1941 1222 1985 opertos

155 2005 388 2057 Inspiciunt,
408 2014 472 2048 ne,
491 2001 523 2039 si
540 2001 674 2047 facies,
700 2007 743 2037 ut
761 2011 892 2050 saepe,
919 1997 1064 2036 decora

155 2069 272 2109 Molli
288 2068 387 2106 fulta
405 2066 506 2118 pede
525 2072 598 2112 est,
618 2071 806 2102 emtorem
825 2062 986 2101 inducat
1001 2062 1175 2100 hiantem

157 2133 272 2181 Quod
290 2131 477 2185 pulchrae
503 2129 651 2175 clunes,
679 2128 798 2166 breve
818 2127 924 2180 quod
941 2134 1075 2179 caput,
1093 2127 1219 2167 ardua.

361 2207 508 2234 cervix.
531 2232 536 2236 ,
