1378 2534
190 240 237 277 14·
412 225 732 273 SERMONUM
785 233 816 271 1.
870 233 923 271 iii.
1057 239 1061 242 “
1122 245 1158 271 v.
1175 234 1239 273 98

189 346 353 387 Sustulit
369 345 557 390 esuriens,
583 345 710 382 minus
727 326 803 383 hoe
816 343 1014 395 jucundus
1031 342 1179 381 amicus

189 414 248 452 Sit
265 412 358 450 mihi
374 412 387 449 ἓ
422 410 527 453 Quid
544 409 698 455 faciam,
725 409 757 446 si
770 408 917 447 furtum
933 408 1087 455 fecerit,
1106 417 1174 447 aut
1191 409 1222 447 si
1266 415 1269 418 ⁴

187 476 408 516 Prodiderit
427 475 628 514 commissa
645 474 735 520 fide,
764 487 994 526 sponsumve
1012 474 1193 526 negarit?

186 544 284 586 Quis
301 541 409 593 paria
426 553 510 579 esse
527 540 610 578 fere
628 539 776 590 placuit
792 546 969 591 peccata,
993 526 1183 586 laborant,

186 608 285 646 Cum
303 612 463 644 ventum
482 604 531 643 ad
548 617 683 642 verum
695 611 776 642 est:
795 615 946 650 sensus,
957 616 1161 655 moresque
1175 615 1236 641 re·-

389 676 578 722 pugnant,

184 739 318 789 Atque
333 736 415 788 ipsa
431 734 591 781 utilitas,
605 734 701 784 justi
718 746 840 785 prope
857 740 982 771 mater
999 740 1040 772 et
1057 732 1184 786 aequi.

185 804 285 841 Cum
303 806 579 852 prorepserunt
597 798 729 850 prImis
747 798 926 836 animalia
943 798 1070 845 terris,

183 867 342 906 Mutum
367 878 414 903 ac
438 871 552 915 turpe
580 875 715 914 pecuS,
740 861 920 913 glandem
949 866 1068 915 atque
1093 863 1236 902 cubilia

387 935 559 981 propter,

185 994 391 1047 Unguibus
404 1000 445 1031 et
456 991 610 1044 pugniS‚
619 991 708 1029 dein
719 991 900 1038 fustibus,
918 999 1036 1044 atque
1048 991 1103 1031 ita
1118 1005 1236 1044 porro

183 1059 417 1111 Pugnabant
434 1057 563 1102 armis,
591 1068 690 1107 quae
709 1063 796 1107 post
813 1055 1070 1094 fabricaverat
1086 1069 1202 1102 usus3

182 1124 324 1163 Donec
342 1123 473 1168 verba,
502 1121 641 1172 quibus
658 1133 775 1158 voces
793 1133 1004 1172 sensusque
1022 1127 1217 1168 notarent,

183 1189 444 1239 Nominaque‚
463 1186 659 1224 invenere.
690 1185 847 1223 Dehinc
865 1185 1052 1224 absistere
1065 1186 1183 1234 bello,

183 1253 339 1305 oppida
357 1257 570 1302 coeperunt
587 1249 752 1294 munire,
780 1256 820 1286 et
837 1262 983 1300 ponere
1000 1250 1122 1301 leges,

182 1318 246 1356 Ne
266 1317 351 1369 quis
368 1316 430 1353 fur
448 1322 563 1360 esset,
583 1327 660 1351 neu
678 1314 790 1360 latro,
819 1326 896 1351 neu
915 1314 1000 1365 quis
1018 1314 1182 1353 adulter.

182 1383 286 1422 Nam
303 1382 378 1419 fuit
396 1387 486 1419 ante
507 1379 701 1417 Helenam
722 1391 872 1417 cunnus
890 1379 1090 1417 teterrima
1106 1380 1198 1418 belli

184 1449 332 1487 Causa:
361 1445 430 1483 sed
449 1444 590 1496 ignotis
607 1443 809 1494 perierunt
825 1443 1013 1481 mortibus
1030 1443 1100 1491 illi,

183 1513 305 1557 Quos,
324 1522 505 1548 venerem
525 1509 713 1561 incertatn
725 1507 919 1559 rapientes
930 1520 1038 1546 more
1049 1508 1232 1557 ferarum,

182 1575 340 1613 Viribus
359 1574 500 1612 editior
519 1573 721 1619 caedebat,
749 1579 793 1610 ut
812 1572 850 1609 in
869 1585 991 1623 grege
1009 1579 1155 1611 taurus.

181 1641 279 1678 Jura
297 1639 455 1676 inventa
472 1645 580 1676 metu
599 1637 729 1688 injusti
746 1637 893 1675 fateare
912 1650 1072 1676 necesse
1090 1645 1165 1685 est,

184 1705 378 1755 Tempora
396 1703 427 1740 si
445 1691 640 1754 fastosque
658 1702 752 1740 velis
771 1703 948 1740 evolvere
966 1701 1114 1739 mundi.

183 1768 270 1806 Nec
289 1775 426 1805 natura
443 1774 572 1818 potest
585 1768 692 1818 justo
710 1780 915 1805 secernere
927 1766 1115 1818 iniquum,

182 1832 332 1870 Dividit
352 1838 394 1868 ut
412 1832 514 1869 bona
533 1831 704 1878 diversis,
729 1831 917 1882 fugienda
933 1830 1124 1882 petendis.

184 1895 270 1934 Nec
289 1895 419 1933 vincet
433 1895 531 1933 ratio
549 1895 638 1942 hoc,
658 1895 886 1934 tantundem
905 1902 948 1933 ut
958 1901 1099 1946 peccet
1112 1894 1232 1932 idem-

183 1959 261 2002 Qui
279 1966 433 1997 teneros
453 1959 581 1997 caules
600 1959 712 1997 alieni
730 1958 890 2009 fregerit
907 1958 1023 2004 horti,
1117 1959 1231 2009 [que,

185 2023 238 2061 Et
256 2023 321 2074 qui
340 2030 551 2061 nocturnus
570 2036 679 2061 sacra
697 2023 825 2060 divum
844 2022 995 2074 legerit.
1024 2022 1140 2060 Adsit

186 2087 351 2138 Regula,
378 2088 548 2138 peccatis
568 2100 665 2138 quae
683 2099 827 2138 poenas
845 2086 990 2137 irroget
1006 2098 1163 2137 aequas,

185 2151 247 2190 Ne
265 2151 413 2190 scutica
431 2151 588 2203 dignum
607 2150 779 2190 horribili
797 2157 946 2190 sectere
964 2150 1119 2202 flagello
1132 2164 1144 2188 z
