1378 2534
493 261 762 305 NOTULAE
1081 261 1155 303 287

395 355 437 382 ix
466 352 616 381 annu
646 349 877 378 potuum.

116 454 327 500 codicibus,
345 458 385 491 et
403 451 480 490 duo
498 462 548 489 ex
563 447 823 493 Bentleianis;
841 445 945 499 quod
962 446 1160 486 venustius

115 518 279 559 videtur.

166 587 254 624 360.
306 581 380 619 Pro
410 592 519 632 opere
535 578 575 615 in
594 576 716 628 longo,
747 581 923 614 vetustae
955 573 1160 622 editiones,

119 656 160 688 et
177 648 299 686 multo
325 645 461 684 melior
489 655 577 695 pars
603 641 924 686 membranarum,
956 639 1166 690 Cmquiani

121 725 254 752 omnes
271 715 341 750 &c-
359 709 462 762 operi
477 707 586 759 longo
604 705 803 744 exhibent.

169 780 258 816 410.
312 774 391 813 Alii
402 771 537 826 prosit.
590 770 716 809 Possit
735 776 885 808 veteres
898 769 1045 820 aliquot
1062 767 1166 819 apud

122 839 351 880 Lambinum
370 837 538 882 codices,
554 842 599 873 ut
616 841 656 872 et
673 834 736 872 alii
754 833 922 885 quidam.

172 907 260 943 441.
311 902 365 940 Et
382 913 503 939 MALE
518 910 740 938 ‘romu-ros
766 897 891 936 incudi
907 897 1062 935 reddere
1085 909 1167 935 ver-

119 982 192 1007 sus.
246 966 322 1004 Pro
340 971 519 1011 tornatos,
551 962 749 1000 Bentleius
778 961 997 1000 emendavit
1026 967 1084 999 ter
1101 975 1168 999 na-

120 1038 190 1078 tos,
203 1030 440 1082 approbante
455 1027 528 1066 cel.
542 1025 710 1064 Graevio
725 1039 734 1062 :
755 1025 950 1076 Cuningh.
963 1026 1168 1077 formatos.

122 1100 150 1119 “
173 1095 210 1133 T
206 1107 341 1133 ornare
358 1093 408 1131 ad
428 1093 567 1143 po'e'tae
586 1103 682 1142 opus
700 1089 982 1128 accommodari
1006 1102 1084 1126 non
1102 1102 1170 1127 ne-

122 1164 150 1183 “
168 1166 236 1210 gat
254 1158 336 1209 ipse
366 1155 577 1195 Bentleius.
630 1154 872 1192 Metallicum
899 1165 995 1204 opus
1024 1153 1171 1192 tormm'

123 1227 151 1246 “
169 1235 231 1260 res
248 1221 404 1272 vulgata
420 1219 556 1263 hodje;
576 1226 616 1257 et
634 1217 766 1270 quidni
780 1217 883 1269 apud
899 1217 1089 1268 antiquos,
1105 1217 1171 1268 qui

125 1291 152 1311 “
171 1293 273 1324 totas
292 1285 492 1324 columnas
507 1283 678 1334 lapideas
697 1282 947 1328 tornaverint,
975 1290 1075 1321 teste
1094 1283 1172 1321 Pli-

126 1355 154 1375 “
171 1350 236 1388 nio
254 1361 396 1387 xxxw.
419 1351 477 1387 13.
530 1347 582 1385 Et
601 1347 732 1398 quidni
763 1353 869 1385 torno
899 1346 1075 1398 imperite
1104 1347 1172 1386 ad·

127 1418 155 1440 “
171 1413 309 1460 hibita,
330 1425 409 1451 non
427 1412 552 1450 minus
571 1424 684 1463 quam
698 1410 785 1449 lima
799 1419 838 1449 et
850 1409 963 1456 caelo,
979 1412 1173 1464 corrumpi

126 1483 156 1502 “
173 1477 294 1529 possit
311 1490 421 1528 opus,
440 1476 587 1515 fornaci
598 1483 713 1527 atque
728 1475 854 1513 incudi
870 1482 1074 1526 propterea
1087 1476 1189 1514 red-ff

127 1545 155 1565 ‘⁸
174 1541 371 1578 dendum?
418 1540 527 1578 Male
557 1546 662 1578 natos
697 1540 833 1590 probat
869 1539 949 1590 ipse
985 1539 1173 1578 Horatius

129 1609 157 1628 “
177 1603 300 1654 Epist.
319 1603 372 1640 11.
390 1603 415 1640 i.
434 1606 522 1642 233.
578 1603 655 1641 Sed
673 1616 722 1641 an
739 1609 796 1641 ter
809 1610 1011 1642 nascuntur
1028 1604 1172 1643 anima·

131 1673 158 1692 “
176 1667 255 1705 lia?
284 1679 332 1706 an
350 1666 446 1706 male
475 1673 565 1705 nata
596 1667 722 1705 incudi
734 1668 940 1706 redduntur
951 1668 972 1705 ἓ
997 1676 1046 1706 an
1066 1677 1173 1708 certe

129 1737 156 1757 ‘⁶
174 1738 303 1783 potest
318 1731 396 1770 hoc
414 1732 591 1782 probare,
610 1732 676 1782 qui
693 1737 859 1770 tornatos
877 1745 954 1770 non
972 1733 1054 1771 vult
1072 1734 1172 1772 redi-

132 1800 160 1819 “
178 1808 220 1833 re
237 1795 308 1833 sub
340 1795 520 1842 incudem,
551 1793 601 1833 ne
631 1795 865 1834 misceantur
895 1798 1142 1849 metaphorae
1158 1799 1174 1837 ἓ

133 1863 160 1883 “
177 1859 372 1910 Denique,
388 1872 515 1897 noune
531 1859 625 1897 male
635 1866 787 1898 tornata
801 1860 876 1898 dici
890 1869 1062 1912 possunt,
1077 1875 1175 1913 quae

133 1927 161 1947 “
179 1923 271 1960 dum
283 1930 436 1962 tornare
451 1924 532 1962 vult
546 1923 699 1970 artifex,
711 1923 823 1962 nimis
842 1932 1040 1972 extenuat,
1059 1926 1119 1964 vel
1137 1939 1178 1964 a·

134 1990 162 2010 “
179 1986 249 2024 lias
267 1987 504 2038 corrumpit?
525 1989 654 2030 Quare
673 1988 795 2038 primo
814 1988 907 2027 nihil
926 1998 1069 2029 mutem
1085 2005 1177 2029 con-

135 2055 163 2074 “
181 2057 241 2088 tra
259 2063 391 2088 omnes
408 2052 550 2090 libros:
579 2052 609 2089 si
628 2052 712 2103 quis
729 2061 859 2092 autem
872 2067 933 2094 me
953 2062 1080 2107 cogat,
1099 2068 1179 2094 ma-

136 2118 163 2138 “
180 2114 245 2153 lim
247 2116 453 2166 formatos,
473 2130 586 2169 quam
604 2123 661 2156 ter
678 2119 825 2156 natos.”
1033 2119 1162 2159 Gnsx.
