1378 2534
106 278 143 308 v·
159 267 226 310 ⁸8.
379 258 701 307 SERMONUM
750 259 785 302 1.
835 259 887 302 iv.
1107 257 1158 299 19

103 376 182 421 Qui
198 388 278 416 non
290 372 479 420 defendit,
496 372 572 413 alio
589 371 797 422 culparum
820 368 970 411 solutos

101 441 181 486 Qui
196 446 329 494 captat
345 438 443 479 risus
461 436 672 482 hominum,
696 434 914 486 famamque
932 430 1101 476 dicaein

102 505 268 558 Fingere
286 503 354 556 qui
371 515 449 544 non
465 501 547 542 visa
562 506 714 552 potesn
739 498 944 540 commissa
960 504 1094 536 tacere

101 571 181 616 Qui
191 569 339 622 nequi&
348 568 413 608 hic
425 567 535 618 niger
546 572 617 606 est:
629 564 734 605 hunc
744 562 997 610 tu,Romane,
1004 566 1154 601 caveto·

102 635 230 687 Saepe
246 634 370 675 tribus
386 632 498 672 lectis
515 629 647 669 videa·
665 640 830 669 coenare
847 633 1079 679 quaternos:

101 698 138 738 E
155 699 293 752 quibus
310 710 409 738 unus
426 702 530 736 amet
547 694 680 748 quavis
697 693 931 745 adspergere
949 695 1127 735 cunctos.

103 763 265 804 Ptaeter
281 775 372 803 eum
390 760 457 814 qui
473 760 637 813 praebet
652 770 810 811 aquam
826 763 928 809 post,
939 754 1045 794 hunc
1059 765 1156 806 quo-

309 840 385 880 que
402 833 533 880 potus,

103 893 273 934 condita
289 905 380 933 eum
396 904 516 931 verax
532 889 659 942 aperit
675 885 904 940 praecordia
920 883 1054 924 Liber.

104 958 186 997 Hic
202 957 275 997 tibi
292 956 428 1003 comis,
447 961 488 994 et
505 954 690 1000 urbanus,
707 951 883 1002 liberque
901 949 1071 996 videtur,

104 1022 255 1076 Infesto
271 1021 414 1072 nigris:
433 1032 510 1070 ego
527 1018 560 1056 si
577 1017 658 1064 risi,
677 1015 783 1068 quod
800 1015 955 1066 ineptus

106 1085 286 1125 Pastillos
303 1084 470 1123 Rufillus
487 1083 582 1128 olet,
609 1080 834 1131 Gorgonius
852 1079 1020 1124 hircum,

104 1149 267 1190 Lividu:
283 1161 330 1188 ac
347 1148 511 1187 mordax
528 1146 662 1184 videor
679 1144 764 1182 tibi.
790 1142 947 1182 Mentio
963 1141 997 1180 si
1015 1153 1093 1193 qua

106 1215 172 1254 De
191 1212 400 1266 Capitolini
416 1211 530 1250 furtis
547 1211 693 1260 injecta
709 1206 841 1246 Petilli

107 1279 166 1318 Te
184 1290 316 1318 eornm
331 1275 465 1322 fuerit,
493 1272 695 1319 defendas,
714 1278 758 1311 ut
775 1278 866 1310 tuus
883 1277 944 1309 est
960 1281 1067 1309 mos:

106 1344 178 1383 Me
197 1341 439 1394 Capitolinus
456 1338 681 1378 convictore
695 1347 785 1374 usus
803 1333 1006 1386 amicoque

108 1409 147 1447 A
162 1419 287 1460 puero
303 1412 377 1452 est,
395 1415 587 1455 causaque
603 1414 691 1441 mea
707 1399 900 1452 permulta
917 1405 1077 1450 rogatus

106 1471 240 1516 Fecit;
265 1477 308 1508 et
322 1468 526 1507 incolumis
542 1467 667 1506 laetor
685 1465 790 1517 quod
806 1463 900 1502 vivit
917 1463 958 1500 in
977 1463 1072 1501 urbe
1084 1476 1097 1501 ε

108 1535 189 1574 Sed
204 1542 336 1573 tamen
352 1531 534 1578 admiror,
552 1544 630 1583 quo
647 1537 763 1581 pacto
777 1528 968 1580 judicium
986 1526 1084 1566 illud

106 1599 281 1650 Fugerit.
307 1596 388 1635 Hie
404 1597 538 1647 nigrae
555 1608 696 1634 succus
714 1594 903 1645 loliginis;
930 1593 1029 1631 haec
1047 1599 1109 1631 est

111 1664 274 1714 Aerugo
290 1673 420 1700 mera:
447 1660 552 1712 quod
567 1659 703 1697 vitium
721 1658 858 1710 procul
876 1657 983 1696 afore
1002 1655 1160 1704 chartis,

111 1727 244 1779 Atque
262 1726 389 1764 animo
406 1725 527 1776 prius,
545 1730 590 1762 ut
607 1723 639 1761 si
657 1723 750 1775 quid
766 1721 993 1773 promittere
1012 1720 1062 1760 de
1079 1732 1143 1759 me

110 1792 273 1831 Possum
288 1789 407 1836 aliud,
424 1799 516 1826 vere
535 1787 734 1839 promitto.
761 1785 943 1823 Liberius
961 1785 994 1823 si

109 1855 261 1895 Dixero
278 1854 385 1906 quid,
403 1853 436 1891 si
452 1852 554 1891 forte
568 1851 762 1902 jocosius;
788 1850 864 1888 hoc
883 1849 976 1887 mihi
989 1848 1090 1900 juris

112 1920 212 1959 Cum
227 1919 342 1957 venia
358 1917 479 1956 dabis.
505 1915 680 1954 Insuevit
690 1922 801 1966 pater
811 1913 979 1965 optimus
996 1913 1074 1952 hoc
1087 1925 1168 1961 me,

113 1983 170 2023 Ut
186 1982 378 2035 fugerem,
389 1980 578 2032 exemplis
592 1979 773 2018 vitiorum
786 1990 962 2030 quaeque
981 1977 1166 2016 notando.

118 2047 218 2086 Cum
235 2059 298 2085 me
315 2047 550 2091 hortaretur,
567 2056 700 2096 parce,
717 2042 932 2094 frugaliter,
949 2049 1067 2093 atque

115 2110 297 2150 Viverem
313 2110 371 2148 uti
389 2117 595 2149 conventus
613 2122 675 2155 eo,
694 2107 863 2160 quodmi
881 2106 963 2158 ipse
979 2111 1171 2157 parasset;

117 2174 262 2215 Nonne
279 2175 401 2223 vides,
419 2175 515 2214 Albi
533 2182 578 2213 ut
594 2173 695 2213 male
713 2171 817 2212 vivat
833 2171 934 2211 filius
948 2171 963 2211 ὲ
993 2178 1114 2223 utque
