1378 2534
198 235 277 272 200
602 234 871 275 NOTULAE

472 322 519 350 m
547 322 633 351 Lm.
660 325 710 351 11.
738 323 989 352 sannorum.

255 407 347 446 V11.
374 411 438 448 35.
469 408 655 461 Furisque
667 409 760 447 lect.
778 410 882 460 vulg.
901 410 1090 449 exhibent
1108 409 1187 450 duo
1205 423 1258 451 ex

202 472 382 510 Lambini
401 473 516 511 codd.
535 472 673 510 Bland.
698 472 898 524 antiquiss.
929 481 971 512 et
1001 481 1081 513 tres
1112 475 1176 514 alii
1207 488 1259 514 ex

202 537 449 589 Cruquianis‚
469 544 510 576 et
521 537 693 588 quinque
706 536 916 576 Torrentii.
967 539 1160 592 Fugisque
1172 540 1259 593 plu-

201 614 263 640 res
282 602 477 648 Lambini,
502 601 642 653 reliqui
661 615 712 640 ex
732 602 980 654 Cruquianis‚
1006 610 1049 642 et
1077 603 1260 643 Torrent.

201 668 290 706 coll.
312 667 403 706 Sax.
422 675 463 706 et
481 667 570 706 edd.
590 667 678 705 Zar.
696 674 737 705 et
755 666 864 706 Med.
886 669 1000 710 1477.
1056 668 1258 708 Utrumvis

199 733 301 771 bene
319 745 360 771 se
375 733 516 771 habet:
535 731 658 783 magis
671 738 803 770 tamen
818 732 964 771 arridet
960 732 1166 786 fugi-sque,
1184 733 1210 772 i.
1223 746 1259 772 e.

199 796 316 835 domo
334 797 450 848 fugis,
479 796 528 834 ad
547 809 709 835 coenam
727 809 954 848 properans.

250 865 314 901 64.
368 863 580 913 Peccatque
598 862 686 900 coll.
707 861 800 900 Sax.

251 929 317 965 68.
370 926 502 965 Bentl.
521 939 572 964 ex
591 940 669 965 uno
690 926 827 965 codice
845 933 996 975 metues,
1021 927 1143 966 credo.

250 991 315 1031 78.
369 991 446 1029 Pro
465 991 570 1041 vulg.
587 1005 718 1043 supra,
744 1004 796 1030 ex
815 998 980 1043 quatuor
998 991 1126 1030 Pulm.
1143 992 1258 1031 codd.

199 1062 241 1093 et
260 1055 423 1094 totidem
444 1056 573 1094 Bentl.
592 1068 683 1094 cum
701 1055 883 1094 Bentleio
901 1062 942 1094 et
960 1055 1133 1096 Baxtero
1151 1057 1258 1096 dedi-

198 1134 284 1159 mus
302 1135 426 1173 super.

247 1187 311 1223 82.
374 1185 723 1238 Lignum—lignea
753 1185 922 1225 hominis
955 1186 1256 1243 figura—magu*-

197 1252 331 1292 τωο-Ἴον.
359 1251 490 1289 Bentl.
509 1252 613 1301 conj.
632 1251 792 1303 signum.

246 1320 311 1356 83.
341 1316 511 1368 Sapiens,
522 1315 664 1367 sibique
674 1315 903 1368 imperiosus.
930 1316 1031 1355 “Ita
1041 1324 1129 1369 post
1141 1318 1256 1357 Lam·

198 1386 226 1406 ‘⁶
242 1378 378 1420 binum
398 1393 546 1426 omnes,
566 1380 700 1426 credo,
724 1379 917 1418 editiones
940 1380 1144 1420 dederunt.
1199 1383 1257 1421 At

197 1451 226 1470 “
244 1445 496 1497 antiquiores,
514 1444 670 1482 Veneta
688 1452 727 1482 et
742 1443 1001 1492 Locheriana,
1014 1458 1104 1484 cum
1121 1446 1257 1498 pleris-

196 1515 224 1534 “
244 1523 319 1561 que
339 1509 552 1555 codicibus,
572 1520 624 1545 ex
643 1507 785 1546 nostris
804 1514 912 1546 certe
930 1520 1085 1555 novem,
1109 1509 1176 1562 qui
1188 1510 1257 1549 ha·

197 1581 224 1599 “
243 1577 352 1622 bent,
372 1587 450 1612 non
469 1573 583 1625 que.”
612 1572 774 1609 Banu.
804 1571 869 1624 qui
885 1571 1003 1610 etiam
1028 1573 1117 1611 cod.
1144 1574 1256 1613 Gott.

203 1640 296 1678 Sax.
316 1639 404 1677 coll.
424 1645 464 1676 et
484 1637 574 1691 edd.
593 1636 753 1688 primae.
794 1635 912 1675 Hanc
930 1637 1115 1688 sapientis
1134 1638 1257 1678 Stoici

195 1703 499 1755 descriptionem
518 1701 672 1740 erudite
690 1701 896 1739 illustravit
913 1701 1126 1740 Bentleius.

248 1768 363 1806 VIII.
393 1771 428 1806 1.
490 1766 541 1805 Ut
570 1765 773 1804 Nasidieni
782 1765 891 1818 juvit
918 1771 956 1803 te
982 1779 1098 1805 coena
1126 1766 1257 1806 beati?

193 1835 259 1872 *Ita
277 1841 318 1872 et
335 1833 487 1884 priscae
517 1830 707 1869 editiones
725 1838 767 1868 et
797 1830 1044 1870 membranae
1074 1831 1255 1870 meliores

195 1899 399 1944 exhibent,
427 1904 468 1935 et
496 1896 730 1942 Priscianus,
759 1908 798 1946 p.
833 1896 946 1934 1055.
1011 1894 1206 1934 Nimirum
1238 1898 1253 1934 i

195 1965 308 2002 litera
324 1968 414 2013 post
432 1961 460 1998 d
472 1960 722 1998 consonantis
736 1959 800 1998 hic
814 1959 901 1998 vice
919 1959 1110 2011 fungitur.
1157 1961 1253 2009 Alii,

196 2027 323 2066 versui
343 2025 606 2071 consulentes,
644 2024 694 2063 Ut
712 2029 748 2063 te
767 2023 969 2062 Nasidieni
984 2024 1047 2062 vel
1076 2024 1253 2064 Nasidie-

197 2091 240 2130 πί
256 2090 327 2144 qui
341 2097 387 2129 te.
443 2089 531 2127 Vid.
550 2089 681 2127 Bentl.

248 2158 311 2194 24.
365 2153 443 2193 Pro
460 2152 582 2200 simul,
611 2153 830 2206 complures
860 2153 986 2193 bonae
1004 2160 1121 2193 notae
1138 2152 1252 2192 codd.
