1378 2534
77 247 198 313 vm.
334 250 735 295 EmsroLARUM
785 254 819 293 1.
872 255 897 294 i.
1083 257 1136 295 85

84 367 223 406 Virtus
237 373 298 406 est
311 365 449 404 vitium
466 365 626 417 sugere:
643 372 685 403 et
701 364 892 417 sapientia
909 363 1035 416 prima

89 426 263 471 Stultitia
277 431 459 470 caruisse.
487 429 621 475 Vides,
640 442 739 481 quae
758 429 928 468 maxima
946 428 1073 468 credis

86 495 185 535 Euae
194 495 502 546 nnlssexiguum
510 506 683 539 censum,
690 501 922 545 turpemque
930 493 1137 544 repulsam,

87 561 245 603 Quanto
262 559 411 598 devites
428 558 546 597 animi
565 558 780 609 capitisque
799 557 957 596 labore?

88 623 261 676 Impiger
276 631 473 662 extremos
491 623 614 661 curris
631 629 824 660 mercator
842 621 892 659 ad
909 620 1043 666 Indos,

89 687 168 726 Per
179 701 300 734 mare,
310 688 535 739 pauperiem
547 686 716 737 fugiens,
727 699 798 736 per
808 698 917 731 saxa,
929 697 999 736 per
1012 685 1138 736 ignes:

90 752 155 790 Ne
173 765 287 790 cures
305 764 365 797 ea,
392 764 493 802 quae
510 750 629 788 stulte
646 750 797 787 miraris
814 757 862 786 et
873 756 998 799 optas,

72 816 255 854 Discere
275 823 317 854 et
333 816 470 854 audire
488 822 530 852 et
547 814 697 851 meliori
716 813 877 852 credere
896 826 974 851 non
990 813 1076 852 vis?

90 880 189 923 Quis
206 881 352 918 circum
369 892 505 931 pagoS‚
531 885 572 916 et
590 877 737 917 circum
756 878 940 928 compita,
964 890 1139 929 pugnax,

92 943 245 996 Magna
261 943 437 982 coronari
456 949 680 981 contemnat
699 941 896 992 Olympia,
914 942 978 979 cui
997 954 1100 992 spes,

93 1009 168 1047 Cui
185 1009 235 1046 sit
253 1007 426 1046 conditio
445 1006 568 1044 dulcis
586 1005 670 1043 sine
683 1005 843 1057 pulvere
861 1005 1038 1056 palmae?

90 1071 218 1108 Vilius
228 1078 431 1121 argentum
450 1076 510 1107 est
528 1082 638 1115 auro,
663 1069 870 1107 virtutibus
887 1082 1037 1107 aurum.

91 1134 130 1174 Ο
149 1135 267 1181 cives,
286 1134 414 1173 cives!
432 1133 654 1185 quaerenda
671 1132 839 1183 pecunia
855 1132 1039 1184 primum,

91 1199 229 1238 Virtus
244 1207 334 1250 post
350 1211 541 1237 nummos.
556 1197 670 1235 Haec
683 1197 808 1235 Janus
820 1207 991 1234 summus
1001 1198 1051 1236 ab
1063 1196 1142 1236 imo

93 1263 405 1303 Prodooeehaec
417 1263 597 1302 recinunt
603 1263 768 1312 juvenes
779 1261 926 1300 dictata
935 1275 1141 1314 senesque,

92 1329 227 1367 Laevo
243 1328 418 1380 suspensi
435 1327 584 1366 loculos
603 1325 850 1377 tabulamque
867 1327 1028 1365 lacerto.

93 1393 167 1432 Est
182 1393 333 1432 animus
346 1392 432 1438 tibi,
450 1399 541 1430 sunt
559 1404 699 1437 morea,
717 1398 778 1429 est
795 1392 928 1442 lingua
944 1391 1117 1444 fidesque
1127 1404 1142 1430 τ

95 1457 175 1496 Sed
191 1456 484 1509 quadringentis
500 1469 571 1494 sex
589 1463 738 1506 septem
751 1455 872 1494 millia
887 1456 1015 1494 desint
1028 1472 1040 1499 3

73 1516 315 1560 *Plebseria
343 1523 399 1559 At
417 1521 528 1572 pueri
545 1520 740 1566 ludentes,
760 1520 848 1558 Rex
867 1520 958 1567 eris,
975 1522 1098 1568 aiunt,

96 1585 138 1623 Si
156 1592 264 1624 recte
280 1585 411 1623 facies.
440 1585 519 1623 Hic
537 1597 669 1622 murus
686 1587 831 1623 aiineus
850 1591 950 1630 esto,

93 1650 162 1688 Nil
179 1649 355 1688 conscire
367 1650 454 1695 sibi,
480 1649 587 1687 nulla
603 1649 816 1700 pallescere
836 1649 962 1700 culpa..

96 1713 254 1759 Roscia,
271 1712 334 1751 dic
352 1713 480 1759 sodeS‚
498 1713 635 1751 melior
653 1713 734 1759 lex,
751 1725 801 1750 an
818 1725 1028 1763 puerorum
1045 1720 1106 1752 est

96 1777 262 1823 Naeuia,
280 1790 379 1828 quae
397 1790 561 1828 regnum
579 1786 687 1816 recte
704 1777 936 1815 facientibus
954 1777 1079 1824 offert,

96 1841 150 1879 Et
166 1841 335 1879 maribus
354 1841 480 1880 Curiis
498 1849 539 1879 et
557 1841 763 1879 decantata
782 1840 983 1879 Camillis?

96 1906 188 1945 Isne
205 1906 276 1944 tibi
293 1906 431 1943 melius
450 1905 602 1951 suadet,
621 1905 702 1956 qui,
723 1905 822 1942 Rem
839 1904 979 1949 facias;
996 1916 1094 1952 rem,

99 1971 140 2008 Si
158 1971 293 2022 possis,
313 1977 444 2013 recte;
470 1970 502 2007 si
520 1983 612 2015 non,
628 1982 860 2020 quocunque
878 1969 994 2007 modo
1008 1982 1114 2013 rem;

98 2034 156 2072 Ut
173 2034 331 2085 propius
348 2042 501 2085 spectes
518 2033 722 2071 lacrimosa
738 2035 917 2084 poemata
934 2032 1053 2084 Pupi:

99 2098 166 2135 Au
184 2097 265 2148 qui,
282 2097 459 2135 fortunae
478 2106 519 2136 te
537 2110 764 2148 responsare
778 2098 966 2148 superbae

99 2161 285 2205 Liberum
302 2169 343 2199 et
359 2169 534 2201 erectum
551 2174 732 2213 praesens
746 2162 922 2200 hortatur
939 2169 980 2199 et
996 2162 1130 2212 aptat?
