1378 2534
165 242 241 282 120
345 232 751 279 EPISTOLARUM
801 238 834 278 1.
886 238 994 280 xviii.
1103 254 1141 281 v.
1156 243 1222 283 Ω.

162 351 348 390 sedatum
368 351 527 395 celeres,
546 349 689 400 agilem
707 361 953 402 gnavumque
971 350 1148 390 remissiz

159 416 323 455 Potores
341 415 463 452 bibuli
481 414 610 452 media
627 414 677 453 de
695 422 812 453 nocte
832 414 984 454 Falerni

160 481 341 518 Oderunt
360 486 542 530 porrecta
559 486 769 529 negantem
788 479 943 530 pocula,
963 479 1139 532 quamvis

157 545 383 583 Nocturnus
396 546 504 595 jures
523 549 562 581 te
580 542 789 581 formidare
808 550 974 595 tepores.

154 609 284 648 Deme
303 607 511 659 supercilio
530 608 673 645 nubem
689 621 699 646 ε
727 607 957 659 plerumque
974 608 1175 648 modestus

155 674 337 724 Occupat
356 672 509 711 obscuri
528 672 714 722 speciem,
733 673 950 712 taciturnus
969 674 1115 712 acerbi.
1137 714 1145 719 ,

153 738 263 776 Inter
282 743 426 775 cuncta
443 724 572 786 leges,'
585 742 626 774 et
643 738 925 786 percontabere
943 737 1096 786 doctos,

153 806 242 847 Qua
260 803 407 842 ratione
428 813 546 851 queas
564 801 769 838 traducere
787 801 929 840 leniter
945 814 1110 848 aevum3

151 869 215 907 Ne
233 876 273 906 te
293 878 446 917 semper
464 865 574 916 inops
592 865 715 916 agitet
733 872 929 917 vexetque
948 867 1105 918 cupido,

151 934 214 972 Ne
233 945 365 985 pavor,
393 938 433 968 et
451 943 582 967 rerum
602 929 851 969 mediocriter
869 930 1022 970 utilium
1040 943 1129 983 spes
1143 946 1156 971 ε

150 998 346 1035 Virtutem
366 994 543 1033 doctrina
563 1001 690 1045 paret,
721 994 923 1034 Naturane
941 995 1087 1034 donet:

154 1063 260 1106 Quid
279 1061 428 1099 minuat
451 1071 580 1103 curas;
610 1059 703 1110 quid
719 1066 760 1097 te
778 1059 848 1098 tibi
867 1059 1004 1098 reddat
1020 1060 1214 1104 amicum

149 1127 255 1171 Quid
273 1138 369 1177 pure
390 1123 640 1175 tranquillet3
658 1123 796 1171 honos,
816 1137 866 1163 an
883 1123 1212 1174 dulce'luoellum,

145 1193 212 1230 An
231 1196 427 1229 secretum
445 1188 534 1236 iter,
553 1196 594 1226 et
612 1188 780 1227 fallentis
798 1189 938 1228 semita
954 1188 1071 1228 vitae.

143 1257 217 1294 Me
236 1254 389 1307 quoties
407 1252 535 1291 reficit
553 1253 705 1304 gelidus
723 1253 913 1305 Digentia
930 1253 1048 1301 rivus,

142 1324 270 1365 Quem
290 1318 477 1356 Mandela
493 1317 608 1363 bibit,
629 1330 793 1368 rugosus
810 1316 956 1368 frigore
972 1330 1119 1369 pagum

143 1387 249 1430 Quid
267 1383 410 1423 sentire
429 1387 557 1433 putaS‚
577 1380 670 1432 quid
689 1381 830 1428 credis,
849 1381 987 1430 amice,
1004 1383 1185 1434 precari!

143 1452 202 1490 Sit
219 1449 328 1495 mihi,
357 1446 463 1499 quod
491 1457 597 1483 nunc
614 1451 688 1491 est,
717 1445 835 1484 etiam
853 1446 1004 1485 minus:
1031 1454 1072 1486 et
1089 1448 1185 1486 mihi

345 1512 471 1550 vivam
1019 1558 1025 1564 .

139 1580 256 1623 Quod
270 1583 447 1629 superest
475 1576 574 1622 aevi,
594 1576 625 1613 si
646 1575 742 1627 quid
759 1587 962 1626 superesse
979 1577 1116 1616 volunt
1133 1578 1175 1617 di
1186 1590 1201 1616 τ

140 1647 198 1685 Sit
215 1647 318 1683 bona
335 1643 522 1694 libroruin
540 1648 581 1679 et
599 1640 774 1692 provisae
792 1638 916 1692 frugis
935 1641 976 1680 in
994 1654 1139 1680 annum

138 1710 262 1762 Copia
274 1721 380 1747 :neu
399 1706 549 1744 fluitem
568 1705 707 1743 dubiae
727 1717 797 1756 spe
815 1704 1008 1756 pendulus
1026 1706 1160 1746 horae.

140 1775 219 1813 Sed
237 1773 327 1812 satis
346 1779 406 1810 est
425 1783 536 1809 orare
555 1771 695 1809 Jovem
715 1782 815 1822 quae
834 1769 955 1809 dunat
973 1777 1014 1809 et
1030 1770 1182 1809 aufert:

137 1840 218 1878 Det
237 1839 368 1883 vitam,
398 1836 464 1874 det
485 1833 601 1888 opes3
627 1848 796 1889 aequum
822 1835 878 1873 mi
893 1834 1065 1874 animum
1081 1835 1170 1888 ipse

342 1901 498 1952 parabo.
