1378 2534
151 213 226 250 140
355 207 759 254 EPISTOLARUM
812 215 865 253 11.
918 216 957 255 ii.
1061 232 1098 257 v.
1119 217 1211 259 1262·

146 322 399 361 Praetulerim
419 326 584 376 scriptor
602 325 745 364 delirus
763 326 944 378 inersque
961 327 1097 374 videri,

140 386 250 425 Dum
267 401 355 426 mea
371 389 569 427 delectent
588 391 686 428 mala
700 403 776 437 me,
790 391 851 429 vel
867 391 1036 444 denique
1046 393 1199 447 fallant,

141 453 268 495 Quam
288 466 422 505 sapere
438 461 477 492 et
492 455 605 505 ringi.
634 455 722 494 Fuit
733 456 836 494 haud
850 457 1029 508 ignobilis
1050 459 1183 510 Argis,

141 517 219 560 Qui
238 530 280 555 se
298 518 482 556 credebat
502 519 619 557 miros
637 521 771 559 audire
788 522 1011 572 tragoedos,

140 582 188 620 In
207 596 331 621 vacuo
349 583 474 621 laetus
493 597 619 622 sessor
645 585 877 638 plausorque
895 587 1072 634 theatro;

140 648 283 685 Cetera
302 648 366 698 qui
386 648 487 686 vitae
507 657 678 688 servaret
696 651 828 689 munia
845 659 954 690 recto

136 711 277 756 More;
304 714 428 750 bonus
447 726 539 751 sane
558 714 721 761 vicinus,
749 715 922 754 amabilis
940 716 1095 768 hospes,

137 778 270 815 Comis
288 778 326 814 in
347 791 524 823 uxorem,
553 786 684 828 posset
702 781 767 830 qui
788 781 991 831 ignoscere
1010 782 1144 830 servis,

136 841 191 880 Et
208 842 320 892 signo
338 843 444 880 laeso
464 856 540 880 non
561 843 727 881 insanire
746 844 932 895 lagenae:

136 906 276 944 Posset
294 907 359 957 qui
379 921 514 958 rupem
534 916 574 945 et
593 916 753 959 puteum
773 911 895 948 vitare
912 917 1128 962 patentem.

134 971 230 1016 Hic,
260 971 338 1017 ubi,
367 979 622 1022 cognatorum
655 975 792 1024 opibus
811 974 992 1026 curisque
1010 976 1201 1024 refectus,-

134 1035 300 1087 Expulit
318 1037 491 1074 elleboro
510 1038 688 1075 morbum
707 1039 904 1090 bilemque
922 1053 1093 1088 meraco,

134 1101 188 1139 Et
202 1102 303 1139 redit
322 1102 370 1139 ad
389 1115 473 1140 sese
490 1117 498 1139 :
531 1102 599 1140 Pol
619 1117 682 1141 me
702 1104 913 1150 occidistis,
933 1105 1062 1152 amici,
1082 1127 1086 1130 ·
1132 1114 1136 1116 ’

133 1166 225 1204 Non
245 1167 439 1213 servastis,
458 1167 526 1213 ait,
547 1168 609 1205 cni
628 1169 684 1206 sic
704 1176 860 1207 extorta
877 1170 1069 1222 voluptas,

132 1231 187 1269 Et
206 1232 359 1270 demtus
378 1245 448 1283 per
464 1233 541 1269 vim
561 1234 703 1270 mentis
721 1234 961 1284 gratissimus
979 1247 1099 1274 error.

133 1296 324 1334 Nimirum
344 1310 479 1348 sapere
499 1304 557 1335 est
576 1298 739 1348 abjectis
758 1299 853 1336 utile
872 1300 1000 1350 nugis,

132 1360 185 1398 Et
203 1361 476 1411 tempestivum
497 1361 625 1411 pueris
641 1363 859 1400 concedere
877 1363 1011 1401 ludum
1029 1379 1040 1407 ;

131 1426 196 1462 Ac
215 1438 293 1462 non
312 1425 430 1462 verba
450 1425 559 1475 sequi
586 1425 727 1463 fidibus
745 1427 982 1466 modulanda
1001 1428 1168 1477 Latini&

131 1489 211 1527 Sed
228 1503 342 1527 verae
362 1501 620 1540 numerosque
648 1490 862 1542 modosque
881 1492 1056 1531 ediscere
1074 1494 1201 1533 vitae.-

131 1555 326 1598 Quocirca
345 1567 496 1592 mecum
525 1555 663 1605 loquor
681 1555 793 1603 haec,
812 1557 1032 1610 tacitusque
1061 1572 1193 1598 recor-

132 1619 173 1657 Si
191 1619 262 1656 tibi
281 1619 386 1656 nulla
404 1619 506 1656 sitim
525 1619 654 1658 finiret
673 1621 786 1672 copia
803 1622 999 1673 lymphae,
1070 1624 1166 1674 [dor
1177 1637 1199 1661 ι-

127 1682 317 1721 Narrares
336 1684 497 1722 medicis
512 1685 670 1736 :'quod‚
691 1694 837 1736 quanto
851 1682 964 1738 plura
980 1688 1146 1738 parasti,

128 1748 257 1786 Tanto
276 1749 387 1800 plura
406 1749 530 1800 cupis,
551 1750 696 1787 nulline
716 1750 874 1788 faterier
893 1751 1043 1790 audes?

128 1811 170 1849 Si
187 1812 326 1850 vulnus
347 1813 415 1850 tibi
436 1822 650 1852 monstrata
669 1815 813 1862 radice,
832 1815 894 1852 vel
913 1816 1048 1863 herba,

126 1876 221 1914 Non
237 1877 349 1914 fieret
368 1878 490 1915 levius
506 1894 515 1919 ;
542 1879 700 1929 fugeres
718 1880 863 1926 radice,
882 1880 941 1917 vel
961 1880 1102 1928 herba,

126 1940 364 1980 Proficiente
383 1942 491 1987 nihil,
509 1944 702 1980 eurarier:
731 1942 920 1990 audieras,
942 1945 1006 1982 cui

126 2005 226 2043 Rem
245 2005 285 2043 di
305 2006 507 2052 donarent,
537 2007 590 2044 illi
610 2008 978 2060 decedere'pravam

126 2070 362 2114 stultitiam
390 2078 444 2118 et,
478 2085 564 2109 cum
586 2074 636 2109 sis
655 2073 774 2110 nihilo
794 2074 1016 2124 sapientior,
1036 2087 1087 2112 ex
1106 2082 1195 2128 quo³

125 2135 282 2174 Plenior
300 2149 356 2185 es,
384 2144 514 2175 tamen
532 2138 651 2176 uteris
669 2139 926 2177 monitoribus
946 2139 1070 2178 isdem
1083 2140 1104 2178 ἓ-
