1378 2534
180 256 232 297 70
445 255 766 297 SERMONUM
819 259 873 298 11.
925 261 976 300 vi.
1122 267 1239 306 v·25.

182 375 272 414 Sive
292 374 437 426 Aquilo
456 374 556 413 radit
575 382 712 421 terras,
740 364 810 414 seu
826 376 964 416 bruma
982 378 1147 419 nivalem

177 441 370 480 Interim-e
389 440 490 479 diem
509 453 606 491 gyro
625 440 758 486 trahit,
777 441 832 479 ire
851 454 1012 482 necesse
1031 452 1102 483 est.

177 506 403 551 Postmodo,
417 505 521 556 quod
532 506 586 542 mi
599 505 712 550 obsit,
725 505 830 544 clare
844 514 1072 560 cer-tumque
1084 509 1231 558 locuto,
1283 530 1294 536 -

175 570 424 608 Luctandum
444 570 482 607 in
503 570 630 616 turba,
658 569 838 609 facienda
855 570 997 622 injuria
1013 573 1146 612 tardis.

175 635 281 678 Quid
299 635 368 681 vis,
400 633 560 671 insane?
593 641 647 680 et,
681 635 786 676 Quas
806 646 868 672 res
886 635 998 686 agis?
1034 636 1231 689 improbus
1291 683 1301 691 ι

381 705 521 749 urguet
1061 703 1063 705 ’

173 763 288 803 Iratis
306 763 486 815 precibus
501 775 511 799 ε
540 769 583 800 tu
601 762 730 814 pulses
749 775 864 802 omne
882 765 987 816 quod
1004 765 1148 813 obstat,
1203 801 1207 803 .

171 829 240 867 Ad
252 828 523 866 Maecenatem
535 826 697 864 memori
709 827 741 864 si
752 834 883 866 mente
895 841 1085 868 recurras.
1126 832 1229 880 [tras

171 893 265 933 Hoc
279 895 402 944 juvat,
419 899 458 930 et
470 890 576 928 melli
591 896 664 937 est,
678 903 758 928 non
772 892 950 931 mentiar.
976 894 1048 940 At,
1062 894 1177 932 simul
1187 907 1229 932 a·

169 957 341 995 Ventum
360 965 419 994 est
439 955 644 1007 Esquilias,
672 955 798 994 aliena
816 956 976 1008 negotia
992 964 1152 996 centum

169 1022 246 1060 Per
264 1028 381 1072 caput
399 1028 438 1058 et
457 1020 563 1058 circa
579 1019 721 1058 saliunt
738 1019 852 1058 latus.
888 1022 996 1060 Ante
1013 1021 1225 1062 secundam

168 1086 336 1124 Roscius
354 1085 489 1123 orabat
506 1085 580 1123 sibi
597 1084 752 1123 adesses
770 1085 820 1124 ad
838 1085 979 1124 Puteal
997 1098 1096 1125 cras.

165 1152 231 1191 De
250 1164 291 1189 re
311 1149 506 1189 communi
523 1150 687 1196 scribae,
713 1163 856 1202 magna
873 1158 991 1203 atque
1007 1164 1122 1199 nova,
1140 1157 1182 1190 te

165 1216 342 1255 Orabant
360 1215 476 1252 hodie
493 1214 746 1260 meminisses,
774 1215 936 1262 Quinte,
962 1215 1119 1254 reverti.

163 1280 366 1332 Imprimat
383 1279 456 1325 his,
485 1290 591 1324 cura,
621 1278 835 1317 Maecenas
853 1279 964 1330 signa
981 1279 1146 1318 tabellis.

163 1345 339 1391 Dixeris,
359 1343 573 1395 Experiar:
603 1342 643 1380 Si
662 1342 733 1390 vis,
751 1351 880 1394 potes,
891 1344 1014 1391 addit,
1033 1351 1075 1382 et
1091 1344 1222 1383 instat.

164 1410 361 1461 Septimus
379 1415 518 1446 octavo
536 1408 694 1459 propior
708 1409 788 1458 jam
806 1408 951 1459 fugerit
969 1421 1108 1455 annus,

161 1475 224 1513 Ex
244 1487 321 1526 quo
341 1473 552 1511 Maecenas
570 1485 633 1516 me
653 1472 783 1524 coepit
801 1472 945 1511 habere
965 1486 1124 1512 suorum

161 1540 208 1578 In
227 1551 403 1584 numero,
423 1538 613 1575 duntaxat
631 1537 681 1575 ad
699 1537 789 1583 hoc,
808 1549 925 1588 quem
942 1537 1081 1576 tollere
1098 1537 1222 1576 rheda

160 1604 304 1650 Vellet,
332 1603 407 1640 iter
425 1602 584 1648 faciens,
614 1610 653 1640 et
672 1601 735 1639 cui
754 1602 994 1641 concredere
1010 1615 1150 1654 nugas,

159 1669 251 1707 Hoc
269 1681 393 1720 genus
408 1682 418 1711 ;
445 1666 558 1704 Hora
576 1673 695 1718 quota
713 1666 799 1704 est?
829 1666 965 1705 Threx
983 1673 1045 1706 est
1062 1666 1219 1706 Gallina

367 1731 466 1783 Syro
485 1732 580 1783 par?
1210 1746 1214 1753 ²

157 1797 357 1836 Matutina
374 1809 509 1847 parum
529 1803 664 1834 cautos
678 1797 760 1847 jam
777 1795 924 1848 frigora
941 1796 1121 1836 mordent
1135 1811 1148 1835 z

158 1861 213 1900 Et
231 1874 330 1913 quae
348 1861 489 1898 rimosa
506 1861 608 1898 bene
627 1852 877 1912 deponuntur
893 1860 934 1898 in
951 1873 1060 1901 aure.

158 1926 236 1966 Per
254 1932 379 1965 totum
397 1924 473 1962 hoc
492 1931 660 1975 tempus,
679 1925 890 1975 subjectior
903 1923 943 1962 in
963 1923 1066 1962 diem
1084 1932 1126 1963 et
1141 1924 1214 1964 ho·

156 1990 343 2029 Invidiae.
398 1989 542 2027 Noster
559 1989 670 2027 ludos
689 1988 922 2040 spectaverit
939 2000 1030 2035 una,
1106 1989 1214 2039 [ram

155 2054 315 2094 Luserit
332 2053 371 2091 in
390 2066 551 2104 campo3
579 2053 774 2092 Fortunae
792 2053 915 2091 filius!
944 2065 1092 2092 omnes-

157 2119 334 2170 Frigidus
348 2130 371 2156 a
386 2117 535 2156 Rostris
550 2125 680 2156 manat
692 2130 763 2169 per
778 2117 947 2169 compita
958 2130 1108 2163 rumor-3
1145 2118 1212 2168 [te

157 2184 389 2236 Quicunque
403 2182 538 2222 obvius
549 2189 621 2230 est,
635 2195 698 2221 me
712 2182 898 2222 consulit:
917 2182 954 2221 Ο
974 2182 1093 2230 bone,
1120 2194 1211 2222 nam
