1378 2534
121 227 263 267 v.151.
364 222 767 264 EPISTOLARUM
818 222 872 262 11.
924 223 949 261 i.
1092 220 1178 263 181‘

118 335 252 375 Dente
268 333 457 374 hcessiti:
483 333 558 372 fuit
574 332 726 371 intactis
743 345 898 384 quoque
914 343 1007 372 cura

115 398 352 439 conditione
369 411 486 450 super
501 397 719 437 communi:
745 396 839 448 quin
855 396 971 435 etiam
988 396 1067 443 lex,

118 461 325 514 Poenaque
340 462 432 510 lata,
448 461 549 500 malo
562 474 660 512 quae
677 460 798 499 nollet
814 460 982 499 carmine
995 473 1127 512 quem-

321 539 435 579 quam

117 590 308 639 Demi-ibi.
334 590 496 630 Vertere
512 590 681 636 modum,
706 589 911 628 formidine
927 589 1040 628 fustis

117 655 185 694 Ad
199 656 300 695 bene
316 654 521 694 dicendum
538 654 881 706 delectandumque
898 654 1056 693 redacti.

117 718 284 758 Graecia
299 726 412 770 capta
426 717 550 756 ferum
567 718 752 757 victorem
769 719 887 770 cepit,
914 725 955 756 et
972 725 1074 757 artes

116 782 254 822 Intulit
268 783 410 834 agresti
424 781 565 820 Latio:
592 782 647 820 sic
663 782 840 820 horridus
857 783 922 820 ille

114 845 295 887 Defluxit
310 857 492 884 numerus
510 845 723 892 Saturnius,
749 854 791 884 et
806 858 924 897 grave
941 846 1044 885 virus

114 910 332 950 Munditiae
348 910 531 963 pepulere
545 924 556 948 :
574 910 643 949 sed
658 911 698 948 in
712 910 870 962 longum
881 918 1011 949 tamen
1022 923 1158 950 aevmn

115 974 359 1021 Manserunt,
369 974 568 1025 hodieque
585 982 742 1012 manent
754 975 918 1026 vestigia
932 975 1042 1014 ruris.

117 1037 232 1078 Serus
249 1039 351 1077 enim
369 1038 528 1077 Graecis
546 1038 714 1076 admovit
735 1039 911 1076 acumina
929 1038 1071 1077 chartis
1086 1055 1097 1083 3

114 1101 169 1143 Et
180 1110 268 1154 pou
284 1099 431 1141 Punica
441 1101 543 1140 bella
559 1102 709 1153 quietus
725 1114 907 1152 quaerere
925 1102 1067 1153 coepit,

115 1165 219 1210 Quid
230 1166 440 1218 Sophocles
450 1174 491 1205 et
508 1166 669 1218 Thespis
682 1173 722 1204 et
736 1166 952 1217 Aeschylus
963 1166 1055 1204 utile
1066 1165 1140 1204 fer-

317 1238 415 1269 rent.

115 1295 294 1334 Tentavit
310 1308 465 1347 quoque
482 1308 563 1334 rem
576 1295 607 1333 si
625 1295 741 1346 digne
757 1302 907 1334 vertere
924 1302 1052 1346 posset
1065 1312 1076 1341 ;

88 1352 90 1355 ⁵
113 1359 167 1397 Et
178 1360 323 1412 placuit
334 1360 420 1406 sibi,
434 1367 569 1398 natura
586 1360 756 1398 sublimis
774 1367 814 1398 et
831 1372 944 1398 acer:

112 1423 213 1462 Nam
230 1423 349 1475 spirat
365 1425 553 1476 tragicum
570 1425 675 1470 satis,
694 1430 734 1462 et
749 1423 914 1462 feliciter
929 1424 1070 1469 audet;

113 1487 192 1527 Sed
207 1495 358 1540 turpem
374 1495 484 1540 putat
501 1488 637 1527 inscite
654 1488 866 1539 metuitque
882 1488 1049 1527 lituram.

114 1552 305 1598 Creditur,
322 1565 372 1591 ex
390 1553 517 1591 medio
535 1553 624 1603 quia
641 1566 701 1591 res
719 1552 891 1598 arcessit,
910 1553 1054 1591 habere

113 1615 271 1654 Sudoris
288 1615 483 1654 minimum
499 1632 510 1660 ;
535 1617 603 1654 sed
620 1616 737 1654 habet
756 1616 967 1655 Comoedia
984 1624 1093 1655 tanto

112 1678 204 1717 Plus
211 1678 350 1725 oneris,
356 1686 500 1730 quanto
510 1680 642 1718 veniae
653 1680 790 1717 minus.
809 1679 1156 1730 Adspice,Plautus
1240 1702 1255 1719 =

112 1746 200 1788 Quo
211 1751 325 1796 pacto
342 1751 470 1795 partes
485 1751 632 1782 tutetur
648 1745 809 1782 amantis
827 1745 967 1796 ephebi
981 1761 992 1790 ;

112 1808 169 1847 Ut
185 1809 302 1859 patris
318 1808 479 1852 attenti;
495 1808 643 1846 lenonis
670 1816 713 1846 ut
732 1808 925 1846 insidiosi:

110 1873 286 1924 Quantus
301 1873 351 1910 sit
370 1872 594 1911 Dossennus
612 1873 793 1911 edacibus
811 1873 850 1910 in
867 1874 1040 1924 parasitis
1055 1890 1067 1918 ;

112 1937 236 1979 Quam
253 1949 330 1974 non
348 1937 530 1975 adstricto
548 1944 746 1988 percurrat
762 1937 910 1988 pulpita
926 1950 1056 1976 socco.

112 1999 239 2038 Gestit
246 2002 346 2039 enim
353 2014 548 2039 nummum
556 2001 593 2038 in
601 2001 747 2039 loculos
753 2001 956 2040 demittere
965 2018 975 2045 ;
986 2003 1155 2053 posthoc

114 2063 278 2102 Securus
297 2065 410 2103 cadat
425 2078 473 2103 an
492 2072 599 2103 recto
618 2074 650 2101 st
665 2072 694 2102 ,τ
709 2065 840 2104 fabula
857 2065 947 2103 talo.

113 2129 237 2176 Quem
254 2129 341 2166 tulit
357 2129 407 2168 ad
423 2141 576 2168 scenam
593 2136 752 2168 ventoso
771 2128 906 2180 Gloria
924 2142 1052 2177 curru,
