1378 2534
121 244 158 271 v.
177 233 265 271 155.
374 210 778 268 EPISTOLARUM
828 228 884 268 11.
934 229 1171 271 ii.141

124 342 196 387 At,
213 340 246 378 εἰ
262 339 416 380 divitiae
432 338 662 391 prudentem
678 338 840 379 reddere
856 347 1028 391 possent,

125 405 167 445 Si
183 404 365 457 cupidum
374 403 626 455 timidumque
639 403 765 442 minus
776 411 837 448 te;
849 417 988 456 nempe
1002 404 1175 452 tuberes,

122 469 281 509 Viveret
296 469 337 508 in
353 469 465 508 terris
481 475 522 507 te
539 468 572 506 si
589 467 675 519 quis
691 468 838 507 avarior
855 481 946 507 uno.

125 531 167 572 Si
182 533 379 586 proprium
396 539 470 580 est,
482 532 586 585 quod
603 532 689 583 quia
704 531 802 571 libra
817 539 1012 573 mercatus
1029 540 1070 572 et
1085 545 1176 573 aere

125 661 337 708 Quaedam,
355 661 388 701 si
405 661 530 700 credis
548 660 745 707 consultis,
763 660 957 713 mancipat
974 675 1065 701 usus
1078 676 1090 700 =

124 725 202 768 Qui
218 733 259 765 te
275 726 398 778 pascit
413 738 520 778 ager,
538 733 628 764 tuus
645 733 730 770 est3
759 732 801 764 et
817 725 965 764 villicus
983 725 1098 773 Orbi,

126 789 226 829 cum
242 798 394 842 segetes
411 797 525 829 occat
541 790 612 829 tibi
629 803 722 829 mox
738 789 934 828 frumenta
955 790 1125 838 daturas,

127 855 185 894 Te
202 856 399 894 dominum
412 856 541 894 sentit.
570 854 654 893 Das
671 868 861 901 nummOS,
889 855 1034 907 accipis
1051 866 1178 904 uvam,

126 920 271 967 Pullos,
288 933 375 967 ova,
393 920 530 959 cadum
547 920 703 959 temeti:
721 933 860 972 nempe
877 921 994 960 modo
1013 919 1087 962 isto

126 983 330 1024 Paullatim
346 984 526 1024 mercaris
543 998 693 1036 agrum,
709 984 871 1024 fortasse
889 987 1089 1034 trecentis,

128 1049 211 1087 Aut
228 1048 345 1087 etiam
361 1061 489 1100 supra,
507 1062 751 1087 nummorum
768 1049 936 1087 millibus
954 1057 1112 1090 emtum.

128 1112 232 1156 Quid
248 1111 379 1159 refert,
396 1114 501 1151 vivas
518 1120 717 1152 numerato
730 1126 867 1164 nuper,
886 1126 935 1151 an
954 1114 1072 1153 olim?

128 1175 265 1215 Emtor
283 1176 433 1215 Aricini
450 1177 658 1228 quondam,
683 1177 857 1216 Veientis
873 1184 915 1216 et
930 1178 1024 1225 arvi,

126 1239 286 1279 Emtum
302 1248 442 1281 coenat
459 1241 556 1288 olus,
574 1241 745 1292 quamvis
762 1241 872 1280 aliter
889 1250 1023 1293 putat;
1039 1244 1151 1283 emtis

129 1303 210 1343 Sub
228 1312 382 1344 noctem
399 1305 566 1357 gelidam
582 1306 696 1358 lignis
714 1305 918 1344 calefactat
935 1308 1074 1346 aenum
1089 1323 1100 1346 ι

130 1367 209 1407 Sed
227 1377 341 1408 vocat
356 1383 478 1421 usque
495 1383 620 1416 suum,
638 1382 715 1422 qua
731 1371 894 1422 populus
908 1371 1030 1410 adsita
1044 1373 1160 1412 certis

128 1432 333 1473 Limitibus
348 1434 474 1479 vicina
491 1434 635 1486 refugit
646 1435 798 1486 jurgia;
825 1443 1007 1487 tanquam

131 1497 189 1536 Sit
215 1499 411 1550 proprium
439 1499 660 1551 quidquam,
693 1507 840 1551 puncto
869 1501 975 1553 quod
1001 1503 1153 1542 mobilis

333 1562 466 1610 horae,

131 1622 247 1665 Nunc
263 1640 393 1677 prece,
414 1641 517 1666 nunc
534 1629 674 1680 pretio,
705 1642 809 1668 nunc
827 1630 878 1676 vi,
907 1644 1012 1670 nunc
1029 1641 1154 1672 morte

336 1705 526 1743 suprema,

133 1754 332 1795 Permutet
350 1756 540 1805 dominos,
557 1765 599 1797 et
615 1758 727 1797 cedat
746 1759 786 1796 in
803 1759 923 1798 altera
937 1762 1036 1811 jura.

135 1821 214 1867 Sic,
231 1821 321 1872 quia
336 1830 544 1873 perpetuus
561 1822 658 1861 nulli·
672 1823 786 1861 datur
804 1837 909 1870 usus,
926 1833 966 1863 et
983 1826 1095 1865 heres

134 1886 330 1924 Heredem
347 1887 519 1934 alterius,
535 1887 641 1927 velut
658 1888 762 1927 unda
777 1891 997 1941 supervenit
1015 1893 1155 1932 undam
1169 1910 1178 1939 ;

134 1950 238 1993 Quid
253 1950 329 1988 vici
344 1960 519 2002 prosunt,
536 1959 604 1991 aut
620 1953 784 1992 horrea?
805 1954 944 2005 quidve
962 1955 1135 1997 Calabris

137 2013 303 2053 Saltibus
319 2016 461 2066 adjecti
478 2015 642 2064 Lucani,
661 2017 693 2054 si
710 2018 822 2056 metit
839 2018 966 2058 Orcus

135 2077 306 2117 Grandia
324 2092 412 2118 cum
429 2081 568 2132 parvis,
586 2095 664 2120 non
682 2083 887 2121 exorabilis
904 2097 997 2123 auro
1012 2087 1027 2124 ἒ

137 2140 333 2190 Gemmas,
344 2157 524 2192 marmor,
531 2147 639 2193 ebur,
649 2146 850 2198 Tyrrhena
859 2148 997 2200 sigilla,
1008 2152 1182 2200 tabellas,
