1378 2534
104 266 149 302 k.
165 266 254 303 314.
397 259 715 300 SERMONUM
767 258 820 297 11.
873 259 926 298 iii».
1111 262 1170 301 ⁶1·

118 372 301 412 Absentis
318 385 433 411 ranae
450 372 564 424 pullis
581 370 690 409 vituli
707 370 808 422 pede
826 369 980 421 pressis,

117 438 228 476 Unus
245 437 311 476 ubi
329 436 478 488 effugit,
496 436 609 473 matri
626 435 820 481 denarrat,
847 440 890 472 ut
909 434 1045 485 ingens

117 501 254 540 Bellua
266 508 453 553 cognatos
471 500 627 538 eliserit.
653 499 725 537 Illa
741 512 891 550 rogare,

117 566 344 608 Quantane?
359 577 452 602 num
463 563 785 609 tantum,sufflans
795 575 1000 615 se,magna
1009 563 1158 602 fuisset?

119 629 250 680 Major
267 629 439 667 dimidio.
468 628 571 667 Num
589 628 728 666 tanto?
758 628 856 666 Cum
876 629 996 680 magis
1014 636 1132 681 atque

118 695 170 734 Se
188 694 309 745 magis
327 694 504 736 inflaret;
532 693 636 739 Non,
655 692 687 730 si
705 700 744 730 te
762 687 925 744 ruperis,
944 693 1083 746 inquit,

117 758 194 796 Par
212 760 300 796 eris.
327 758 439 796 Haec
456 770 480 795 a
493 765 532 795 te
550 770 627 795 non
646 757 808 794 multum
827 756 976 794 abludit
989 757 1128 808 imago.

119 822 236 861 Adde
249 825 427 874 poemata
438 834 555 868 nunc,
568 821 643 859 hoc
654 829 727 867 est,
740 821 868 859 oleum
881 821 982 860 adde
993 823 1162 867 carnium
1204 845 1210 848 -

118 888 230 930 Quae
247 887 280 925 si
298 886 382 938 quis
399 898 514 924 sanus
530 884 639 930 fecit,
657 898 773 923 sanus
790 885 886 923 facis
903 893 944 924 et
961 894 1017 924 tu.

119 951 211 989 Non
222 951 311 989 dico
323 950 554 989 horrendam
571 949 768 987 rabiem-„1
770 962 831 987 am
842 949 1163 990 desine.-cultum

121 1014 313 1065 Majorem
332 1013 670 1058 censu-Tenem,
689 1013 937 1066 Damasippe,
955 1016 1031 1053 tuis
1048 1023 1102 1054 te.

117 1078 282 1116 -Mille
299 1078 527 1129 puellarum,
545 1090 753 1128 puerorum
772 1077 875 1116 mille
891 1078 1093 1118 furores——

122 1140 158 1179 O
177 1143 298 1193 major
314 1141 471 1180 tandem
489 1154 625 1193 parcas
643 1142 775 1179 insane
793 1143 945 1181 minori.

478 1335 684 1375 SATIRA
736 1337 805 1375 IV.

124 1467 265 1513 Umm,
275 1474 316 1504 et
326 1480 403 1518 quo
418 1466 570 1506 Catius?
587 1467 677 1504 Non
688 1475 748 1505 est
759 1467 852 1505 mihi
864 1476 1026 1520 tempus,
1040 1470 1169 1508 aventi

126 1531 276 1570 Ponere
292 1530 402 1582 signa
417 1531 525 1569 novis
542 1532 756 1583 praeceptis
771 1548 781 1576 ;
808 1533 934 1583 qualia
950 1533 1105 1572 vincant

125 1595 385 1646 Pythagoran,
402 1595 599 1646 Anytique
610 1609 731 1642 reum,
745 1597 978 1648 doctumque
997 1597 1169 1636 Platona.

125 1659 333 1697 Peccatum
349 1658 486 1705 fateor,
505 1672 592 1697 eum
610 1667 649 1697 te
666 1660 722 1698 sic
739 1667 911 1711 tempore
929 1662 1037 1700 laevo

126 1723 428 1774 Interpellarim:
447 1723 528 1769 sed,
547 1723 615 1762 des
632 1724 780 1762 veniam
798 1725 934 1771 bonus,
952 1739 1032 1764 oro.

128 1788 242 1831 Quod
254 1788 286 1826 si
297 1788 535 1826 interciderit
547 1788 616 1826 tibi
627 1801 732 1830 nunc
745 1789 901 1841 aliquid,
907 1799 1058 1842 repetes
1069 1806 1173 1839 mox3

130 1853 218 1891 Sive
236 1862 296 1892 est.
312 1861 469 1891 naturae
485 1853 575 1899 hoc,
598 1854 676 1892 sive
694 1854 798 1901 artis,
815 1855 933 1893 mirus
946 1865 1120 1909 utroque.

129 1917 231 1960 Quin
250 1917 289 1954 id
306 1925 389 1955 erat
406 1930 535 1963 curae,
554 1931 630 1970 quo
648 1926 764 1969 pacto
782 1926 922 1958 cuncta
938 1927 1123 1969 tenerem,

131 1982 277 2032 Utpote
296 1995 356 2020 res
373 1989 521 2028 tenueS,
540 1982 645 2020 tenui
663 1995 839 2021 sermone
856 1993 1040 2035 peractas.
1071 1989 1173 2037 [pes.

130 2044 215 2082 Ede
232 2046 395 2084 hominis
412 2060 550 2085 nomen
566 2063 576 2090 ;
598 2047 708 2085 simul
730 2054 783 2093 et,
803 2047 1003 2086 Romanus
1021 2063 1070 2087 an
1088 2051 1175 2088 hos-

131 2108 220 2159 Ipsa
236 2119 380 2148 memor
392 2119 597 2163 praecepta
611 2124 742 2150 canam
756 2126 765 2148 ι
781 2113 965 2151 celabitur
978 2122 1176 2152 auctor.—

130 2172 269 2223 Longa
287 2175 422 2224 quibus
440 2175 557 2214 facies
575 2177 656 2216 ovis
673 2177 758 2222 erit,
777 2177 840 2215 illa
856 2185 1062 2225 memento,
