1378 2534
181 197 264 239 ³54·
409 193 812 236 EPISTOLARUM
861 195 915 236 11.
966 197 992 237 i.
1093 211 1130 238 v.
1147 201 1241 242 235.

187 306 280 354 Sed,
297 306 416 345 veluti
435 313 597 347 tractata
610 313 741 346 notam
758 307 962 361 labemque
979 309 1182 350 remittunt

184 374 430 420 Atramenta,
446 372 528 410 fere
546 371 750 423 scriptores
768 374 937 413 carmine
954 374 1072 415 foedo

183 437 392 490 Splendida
407 437 511 476 facta
527 437 663 475 linunt.
691 435 801 476 Idem
818 450 888 477 rex
905 438 984 486 ille,
1002 441 1143 491 poe'ma

182 503 259 546 Qui
279 509 356 540 tam
376 502 577 540 ridiculum
595 509 673 540 tam
693 514 781 540 care
799 503 984 556 prodigus
1001 503 1110 551 emit,

180 567 322 606 Edicto
339 567 475 613 vetuit,
494 580 543 606 ne
561 566 645 618 quis
662 580 704 605 se
722 575 876 619 praeter
894 567 1076 620 Apellem

177 632 375 683 Pingeret,
394 639 461 670 aut
478 631 573 670 alius
591 631 763 684 Lysippo
778 633 940 672 duceret
957 646 1050 672 aera

173 698 299 735 Fortis
315 697 527 735 Alexandri
541 697 687 736 vultum
701 697 928 737 simulantia.
955 697 1071 742 Quod
1089 697 1123 736 si

176 762 203 801 J
205 762 373 800 udicium
388 761 526 799 subtile
545 761 718 800 videndis
736 761 880 800 artibus
898 761 994 801 illud

178 827 243 865 Ad
261 826 390 872 libros,
410 833 450 863 et
468 826 517 863 ad
535 826 632 864 haec
651 839 844 864 musarum
861 827 977 873 dona,
995 838 1172 871 vocares:

174 892 366 930 Boeotum
384 891 422 927 in
442 902 570 928 crasso
582 892 732 940 jurares
750 891 838 929 ae’re
857 898 1002 930 natum.

174 958 231 994 At
249 968 375 1007 neque
394 955 630 993 dedecorant
647 962 714 992 tua
732 954 781 993 de
801 968 843 994 se
856 955 1017 1006 judicia,
1035 963 1153 1008 atque

171 1021 352 1066 Munera,
372 1032 470 1071 quae
487 1019 608 1057 multa
621 1019 745 1058 dantis
763 1033 851 1058 cum
868 1020 981 1058 laude
998 1009 1183 1068 tulerunt,

170 1086 318 1123 Dilecti
338 1084 421 1131 tibi,
441 1083 624 1135 Virgilius
644 1085 872 1136 Variusque,
890 1085 1029 1136 poetae
1043 1098 1055 1122 ε

169 1150 256 1189 Nec
274 1150 395 1200 magis
411 1149 582 1200 ,expressi
601 1149 727 1188 vultus
744 1163 814 1201 per
831 1151 952 1188 ae'nea
968 1148 1091 1201 signa,

168 1218 293 1259 Quam
311 1228 380 1266 per
398 1214 493 1252 vatis
515 1227 612 1265 opus
629 1227 754 1252 mores
772 1214 964 1266 animique
981 1215 1150 1254 virorum

166 1282 366 1319 Clarorum
385 1287 596 1331 apparent:
614 1292 688 1317 nec
701 1292 896 1318 sermones
913 1293 988 1330 ego
1005 1280 1157 1318 mallem

165 1346 363 1396 Repentes
374 1358 442 1396 per
455 1345 741 1396 humum‚quam
753 1356 812 1382 res
828 1357 1060 1396 componere
1070 1351 1214 1395 gestan,

167 1412 450 1461 Terrarumque
469 1409 562 1447 situs
576 1416 616 1447 et
633 1409 791 1447 flumina
804 1408 947 1456 dicere,
965 1417 1005 1448 et
1021 1422 1131 1448 arces

161 1475 364 1514 Montibus
382 1473 590 1525 impositas,
609 1482 649 1511 et
666 1474 828 1512 barbara
841 1486 975 1524 regna,
989 1473 1144 1525 tuisque

164 1539 358 1590 Auspiciis
376 1546 499 1576 totum
519 1538 698 1577 confecta
716 1538 845 1576 duella
862 1551 932 1589 per
949 1539 1097 1585 orbem,

163 1604 430 1654 Claustraque‚
450 1598 651 1640 custodem
669 1602 788 1654 pacis,
808 1601 1202 1650 cohibentia-Ianum,

163 1668 216 1706 Et
231 1668 477 1705 formidatam
497 1666 663 1714 Parthis,
677 1674 717 1706 te
735 1666 931 1717 Principe,
952 1665 1142 1704 Romam:

161 1732 202 1770 Si
217 1739 400 1784 quantum
413 1744 608 1783 cuperem,
621 1744 772 1783 possem
791 1743 957 1783 quoque.
985 1730 1065 1769 Sed
1082 1743 1212 1783 neque

363 1809 521 1848 parvum

159 1862 324 1900 Carmen
343 1862 522 1911 majestas
541 1861 679 1912 recipit
696 1867 785 1899 tua:
813 1873 886 1899 nec
903 1873 1012 1899 meus
1028 1859 1147 1898 audet

160 1926 259 1964 Rem
279 1932 428 1963 tentare
446 1926 585 1976 pudor,
605 1938 718 1976 quam
730 1925 830 1963 vires
847 1924 947 1963 ferre
965 1930 1156 1963 recusent.

158 1989 349 2028 sedulitas
367 1996 495 2027 autem
514 1990 644 2036 stulte,
665 2003 778 2041 quem
797 1989 934 2039 diligit,
954 1994 1120 2039 urguet;

158 2054 369 2105 Praecipue
388 2067 475 2092 cum
494 2068 534 2093 se
550 2055 717 2092 numeris
736 2053 994 2100 commendat,
1013 2060 1053 2091 et
1070 2059 1179 2091 arte:

156 2119 281 2157 Discit
299 2118 400 2157 enim
419 2118 530 2158 citius
549 2119 798 2171 meminitque
811 2118 993 2157 libentius
1011 2117 1118 2165 illud,
