1378 2534
196 188 271 229 166
596 188 868 230 NOTULAE

481 278 530 307 IN
556 278 643 307 Lm.
671 281 700 307 1.
727 281 982 312 SERMONUM.

197 369 226 388 “
251 372 324 411 est,
352 364 457 416 quod
475 371 555 413 tuo,
581 372 625 404 ut
654 365 825 405 restituit
851 367 1021 408 feliciter
1052 367 1258 411 Bentleius

194 433 222 453 ‘⁶
255 429 328 482 (ex
360 429 503 483 MSS.)
561 431 677 474 Quod
707 439 840 470 autem
870 431 938 472 hoc
956 432 997 472 in
1021 447 1044 473 ο
1074 435 1258 484 mutavit,

193 494 225 517 “'
249 493 345 532 nihil
363 507 461 546 opus
478 493 655 534 videtur:
683 502 743 533 est
762 495 865 535 enim
883 495 951 536 hoc
967 497 1073 539 idem
1098 499 1204 551 quod
1221 500 1254 539 i-

193 563 221 583 “
247 558 330 606 deo,
348 559 394 598 ob
418 559 530 607 hoc,’'
557 563 628 601 &c-
657 560 790 599 Gnsu.
845 567 874 587 ‘⁴
901 562 1012 602 Ordo
1040 571 1122 604 est:
1165 566 1257 606 Nec

190 628 218 647 “
245 623 373 662 femur
392 631 460 663 aut
478 637 567 663 crus
585 625 708 677 magis
726 633 905 666 tenerum
923 634 984 667 eet
1000 628 1094 668 huic
1110 638 1255 672 matro-

190 693 218 713 “
245 702 333 736 nae,
364 689 459 728 licet
490 690 540 728 sit
569 690 672 729 inter
692 690 826 729 niveos
853 691 1019 744 lapillos,
1050 694 1253 746 quamhoc

188 759 215 778 “
243 762 368 802 tuum,
398 754 434 793 Ο
455 755 669 800 Cerinthe;
696 769 786 794 cum
802 757 947 796 rectius
963 757 1106 806 femur,
1131 767 1252 812 atque

186 823 215 843 “
242 819 360 858 etiam
380 819 520 858 melius
537 833 625 860 crus
639 834 827 873 persaepe
840 822 892 860 sit
905 815 1108 874 togataess'’
1142 823 1265 864 Vnt.-

188 882 346 923 Senon.
366 885 571 925 eunoun.
631 884 718 924 Etsi
741 893 819 926 vet.
834 886 960 926 schol.
977 900 1114 940 parum
1130 901 1250 930 accu-

183 956 267 988 rate
298 949 508 988 verborum
539 950 716 988 ordinem
747 951 964 1000 constituit,
991 952 1085 992 satis
1114 959 1247 993 tamen

184 1021 354 1061 constat,
382 1027 472 1053 eum
488 1013 572 1060 hoc,
599 1027 678 1054 non
697 1029 719 1054 ο
751 1015 919 1067 legisse:
944 1029 1034 1057 nam
1052 1031 1164 1070 quam
1179 1018 1249 1059 hoc

183 1085 288 1118 tuum
305 1079 408 1118 idem
428 1087 503 1127 est,
529 1080 634 1132 quod
648 1080 715 1119 hoc
732 1086 808 1120 tuo.

233 1144 288 1182 11.
317 1147 380 1184 90.
434 1145 580 1197 Lyncei
591 1144 769 1183 dedimus
783 1158 834 1184 ex
849 1146 1112 1188 vetustissimo
1126 1147 1246 1188 Blan-

181 1209 289 1248 dinio
307 1209 414 1260 apud
433 1210 553 1261 Cruq.
573 1217 613 1248 et
633 1209 855 1251 Graeviano
873 1211 1006 1251 Bentl.
1017 1213 1123 1265 vulg.
1135 1213 1244 1268 Lyn-

180 1273 266 1321 ceis,
294 1276 406 1325 cujus
423 1275 640 1326 penultima
657 1276 775 1327 longa
793 1283 909 1315 esset.
962 1276 1029 1316 NB
1057 1277 1134 1317 hoc
1151 1278 1242 1318 loco

179 1352 260 1378 non
279 1349 339 1379 est
356 1341 410 1379 ἱνα
425 1358 486 1390 μη,
517 1354 594 1393 quo
623 1353 741 1380 sensu
773 1340 977 1380 Bentleius
1007 1342 1241 1394 accipiebat,

179 1404 249 1441 sed
266 1423 314 1456 μη
334 1413 500 1444 tantum.

241 1475 327 1510 106.
376 1473 561 1510 Sectatur.
599 1470 661 1508 Ita
674 1470 807 1522 vulgo,
834 1472 1070 1512 auctoritate
1096 1473 1238 1514 multo·

174 1549 260 1574 rum
281 1535 402 1575 MSS.
420 1543 461 1574 at
480 1535 569 1574 edd.
587 1543 754 1582 vetereS,
769 1542 810 1574 et
823 1537 1073 1576 membranae
1090 1538 1237 1590 plures,

173 1601 415 1652 antiquiores
433 1599 675 1652 praesertim,
702 1605 872 1639 sectetur.
926 1600 1066 1655 Itaque
1097 1603 1235 1653 melius

151 1666 156 1677 ⁴
172 1665 274 1704 forte
294 1666 402 1717 legas
420 1673 460 1704 et
475 1664 713 1716 distinguas:

541 1756 724 1808 Leporem
742 1763 898 1796 venator
914 1763 956 1796 ut
972 1757 1052 1796 alta

170 1821 220 1859 In
240 1821 323 1859 nive
339 1827 510 1868 sectetur,
531 1822 694 1873 positum
713 1822 766 1860 sic
783 1828 940 1875 tangere
956 1823 1063 1871 nolit,

173 1887 335 1930 Cantat;
357 1892 392 1924 et
405 1886 573 1938 adponit,
590 1892 616 1910 “
632 1887 747 1925 fideus
757 1900 863 1925 amor
872 1887 958 1926 huic
969 1887 1125 1934 similis‚·
1143 1902 1231 1929 nam

169 1956 197 1974 ‘⁶
222 1950 260 1988 T
257 1948 446 1988 ransvolat
464 1949 502 1987 iu
519 1950 637 1988 medio
647 1950 789 2002 posita,
807 1957 843 1988 et
843 1951 1045 2004 ficgientia
1059 1956 1230 2006 captat-’³

169 2041 193 2078 i.
214 2055 248 2079 e.
277 2047 422 2087 cantat,
453 2048 497 2079 ut
515 2049 676 2080 venator
695 2049 868 2081 sectetur
886 2042 1074 2094 leporem.
1138 2043 1228 2093 Vel,

169 2113 353 2146 manente
393 2105 719 2147 subdistinctione
754 2114 844 2159 post
874 2114 1042 2158 venator,
1094 2115 1136 2148 ut
1163 2122 1230 2150 ac-
