1378 2534
519 249 787 292 NOTULAE
1104 254 1175 293 191

396 339 445 367 m
471 339 558 366 mn.
583 340 632 366 n.
660 338 911 366 SBRHOXUU·

183 423 260 462 111.
283 425 373 463 m
397 437 483 476 sqq.
526 424 657 475 Hujus
673 423 750 462 loci
767 423 897 462 sensui
913 435 961 462 ac
980 425 1174 463 venustati

134 487 443 539 interpunctione
471 495 603 526 nostra
633 486 870 525 consuluisse
899 487 1089 534 videmur,
1124 501 1176 526 ex

131 563 226 602 quo,
243 558 288 589 ut
304 551 344 588 in
361 550 554 597 omnibus,
580 558 770 602 quotquot
788 550 1007 598 viderimus,
1037 551 1175 590 editio·

130 614 244 653 nibus
260 614 523 666 distinguitur,
554 615 620 652 vix
648 615 747 653 ullus
778 627 892 652 sanus
918 627 1054 653 sensus
1084 615 1173 654 elici

134 685 276 729 potest.
328 678 627 730 Angliee—For
642 679 745 717 what
761 678 828 716 did
846 679 922 717 this
939 679 1028 716 mad
1054 680 1175 730 Ajax,

133 754 176 780 as
191 755 272 793 you
288 742 362 780 eall
388 742 483 790 him,
512 743 590 780 do?
618 743 748 780 When
765 742 817 781 he
846 743 937 781 slew
962 743 1030 781 the
1052 743 1176 782 flocks

131 805 225 845 with
243 807 311 845 the
325 806 466 853 swerd,
491 806 544 845 he
566 806 751 845 withheld
779 807 955 845 violence
984 807 1084 845 from
1114 808 1175 846 his

131 865 220 908 wife
237 869 315 908 and
331 870 545 921 daughter:
571 869 720 921 though
738 870 789 908 he
802 871 945 909 vented
957 883 1074 922 many
1085 884 1174 910 cur-

130 946 193 972 ses
209 934 360 986 against
376 947 456 986 you
473 934 551 972 and
568 933 788 980 Menelaus,
805 934 856 972 he
873 934 1019 973 offered
1031 947 1082 973 no
1095 936 1176 974 vio·

129 997 242 1036 lenoe
258 1005 301 1037 to
317 998 377 1036 his
393 998 553 1036 brother
571 998 738 1044 Teucer,
764 1011 835 1035 nor
853 1011 951 1036 even
978 1006 1020 1036 to
1046 999 1107 1036 his
1122 1000 1174 1036 ri·

133 1061 195 1100 val
212 1061 618 1113 Ulyoeesa—Plebeius
634 1061 693 1098 his
722 1061 927 1099 ostendere
944 1062 1039 1108 vult,
1068 1063 1175 1113 Aga·

131 1138 390 1172 memnonem,
417 1126 483 1178 qui
512 1125 629 1163 filiam
646 1138 754 1163 suam
787 1125 929 1164 Aulide
947 1125 1171 1173 immolavit,

132 1201 219 1228 esse
236 1190 361 1240 Ajaoe
374 1190 617 1228 insaniorem.

180 1255 273 1300 2⁰⁸,
299 1255 389 1294 ms).

231 1382 445 1421 Permixtas
459 1383 1072 1436 capiet.....................................

129 1445 261 1484 Locus
276 1446 461 1493 lubricus,
494 1447 619 1499 inquit
649 1448 862 1495 Bentleius,
900 1462 1016 1500 quem
1044 1450 1172 1489 nullus

130 1509 383 1561 interpretum
401 1524 480 1549 non
497 1512 640 1563 attigit,
667 1512 795 1550 nullus
808 1512 968 1551 dubium
984 1513 1113 1553 adhue
1129 1523 1171 1553 et

128 1572 321 1613 incertum
338 1588 416 1613 non
444 1575 613 1626 reliquit.
664 1581 692 1599 ‘⁶
720 1576 857 1614 Codex
886 1578 1174 1630 antiquissimus

130 1641 161 1675 ⁴⁴.
185 1637 458 1677 Hand-habet
486 1638 860 1691 speciesaliasveris,
885 1653 974 1678 cum
1002 1642 1076 1680 hac
1103 1645 1175 1682 ad·

130 1706 159 1726 “
185 1701 397 1748 notatione,
433 1702 641 1740 contrarias
670 1703 831 1740 veritati.
893 1704 1043 1743 Codex.
1080 1707 1170 1745 Div.

146 1766 523 1813 ‘habetaliasveri,
550 1767 620 1804 sed
637 1780 753 1818 supra
775 1767 791 1805 i
816 1768 967 1806 literam
994 1784 1016 1808 ο
1046 1771 1171 1821 posita

130 1834 159 1854 ‘⁴
183 1836 260 1876 est,
285 1843 400 1882 quem
417 1838 574 1869 secutus
590 1844 689 1877 sum,
715 1831 879 1870 multum
897 1835 1171 1873 commendans

129 1897 304 1944 “sagax
322 1894 520 1945 ingenium
534 1895 728 1942 Lambini,
745 1896 826 1948 qui,
843 1896 949 1934 nullo
960 1897 1171 1949 suffragan-

129 1961 158 1982 “
183 1965 223 1995 te
240 1957 314 1995 sibi
331 1958 481 2005 codiee,
499 1966 544 1997 ut
560 1959 629 2006 ait,
654 1959 751 1998 alias
766 1961 863 1998 veris
877 1961 1086 2012 legendum
1104 1963 1171 2001 ad·

129 2025 158 2047 “
182 2021 311 2059 vertit.
362 2021 554 2073 Equidem
571 2023 709 2061 Bland.
726 2023 872 2062 codicis
883 2024 1091 2065 lectionem
1110 2035 1169 2079 ty-

146 2083 242 2134 ‘pis
272 2085 444 2123 mandari
471 2087 689 2125 maluissem
720 2095 879 2139 propter
915 2097 1171 2137 vetustatem3

131 2152 158 2173 ‘⁴
183 2149 253 2188 sed
272 2150 301 2188 S
316 2149 428 2189 litera
449 2151 674 2203 majuscula,
699 2152 853 2192 ademta
881 2156 1059 2206 sequenti
1088 2157 1170 2196 dic·
