1378 2534
137 227 186 302 v,—
198 266 285 303 101.
463 259 783 301 SERMONUM
835 258 871 297 1.
922 257 963 296 ii.
1160 259 1188 298 ὅ

141 372 312 416 Quidni
321 371 442 423 igitur
449 371 590 409 suades
602 371 618 408 ἓ
631 377 675 408 ut
687 370 813 408 vivam
827 367 1021 406 Naevius?
1034 373 1104 405 aut
1113 365 1186 412 sic,

142 436 200 476 Ut
218 436 514 475 Nomentanus?
542 434 679 486 Pergis
693 433 909 485 pugnantia
924 445 1058 471 secum

141 500 348 540 Frontibus
363 500 533 540 adversis
549 499 812 551 componere?
834 497 925 536 Non
941 510 1018 549 ego
1028 509 1186 536 avarum

140 565 242 604 eum
259 572 351 604 veto
367 573 408 604 te
424 564 523 611 fieri,
549 576 714 615 vappam
725 563 847 613 jubeo
864 575 913 600 ac
941 560 1190 600 nebulonem.

142 629 215 667 Est
231 629 334 668 inter
351 629 513 667 Tanai'm
532 626 730 680 quiddam,
757 638 1014 677 socerumque
1040 624 1188 663 Viselli-

141 691 215 732 Est
231 693 368 732 modus
385 694 425 731 in
443 693 582 736 rebus3
606 699 698 730 sunt
715 691 815 730 certi
831 690 1002 742 denique
1018 690 1133 736 fines,

140 760 251 802 Quos
267 759 369 797 ultra
386 758 561 809 citraque
579 756 716 807 nequit
734 755 947 794 consistere
973 762 1137 793 rectum.

140 823 255 870 Illuc,
282 821 388 860 unde
404 821 497 867 abii,
515 820 660 858 redeo.
687 818 867 857 Nemone
886 826 930 857 ut
947 830 1086 856 avarus

141 886 194 925 Se
211 887 365 939 probet,
391 898 439 924 ac
457 885 586 936 potius
602 883 736 921 laudet
753 883 907 921 diversa
922 883 1163 938 sequentes?

139 951 335 1002 Quodque
351 950 478 988 aliena
499 948 648 1000 capella
664 954 777 999 gerat
794 947 1003 985 distentius
1020 946 1132 994 uber,

138 1013 358 1052 Tabescat?
386 1026 515 1065 neque
532 1026 575 1051 se
593 1012 730 1063 majori
747 1012 1024 1064 pauperiorum

140 1077 297 1116 Turbae
310 1084 507 1128 comparet
522 1077 536 1114 ἓ
556 1077 661 1114 hunc
675 1083 793 1126 atque
810 1075 918 1113 hunc
934 1088 1119 1126 superare
1132 1075 1188 1113 la-

134 1130 209 1179 ’Sic
225 1141 424 1178 festinanti
441 1153 594 1190 semper
607 1139 840 1190 locupletior
851 1139 1001 1176 obstat:
1026 1139 1188 1188 [boren

142 1205 213 1251 Ut,
231 1217 321 1243 cum
339 1204 560 1242 carceribus
577 1203 714 1241 missos
732 1202 833 1253 rapit
850 1202 996 1253 ungula
1013 1215 1164 1249 currus,

140 1268 266 1306 Instat
282 1268 393 1320 equis
409 1267 544 1318 auriga
560 1280 650 1305 suos
666 1266 926 1311 vincentibus,
944 1266 1053 1304 illum

139 1332 399 1373 Praeteritum
416 1339 608 1377 temnens,
634 1338 831 1369 extremos
848 1330 951 1368 inter
967 1338 1140 1369 euntem.

138 1396 238 1435 Inde
254 1396 313 1442 fit,
339 1404 385 1435 ut
401 1409 502 1442 raro,
530 1396 597 1447 qui
614 1408 657 1433 se
674 1395 817 1433 vixisse
834 1395 994 1432 beatum

138 1461 273 1507 Dicat,
299 1468 354 1507 et,
381 1467 523 1499 exacto
557 1466 765 1497 contentus
782 1467 972 1510 tempore,
989 1458 1080 1497 vita*

139 1525 279 1572 Cedat,
305 1525 365 1563 uti
382 1524 545 1564 conviva
560 1524 678 1571 fatur,
704 1523 877 1575 reperire
895 1535 1094 1574 queamus.

138 1588 230 1627 Jam
245 1589 339 1627 satis
351 1595 412 1626 est
422 1602 435 1626 ε
460 1602 511 1627 ne
528 1601 591 1626 me
610 1587 779 1639 Crispini
796 1586 939 1625 scrinia
954 1587 1051 1639 lippi

140 1653 380 1705 Compilasse
396 1660 526 1705 putes,
551 1653 714 1693 verbum
730 1664 811 1690 non
827 1651 993 1704 amplius
1004 1651 1159 1691 addam.

507 1842 713 1904 SAerRA
766 1842 820 1880 11.

139 1973 480 2011 Annuumnuu
500 1972 679 2023 collegia,
704 1972 1043 2024 pharmacopolae,

137 2035 329 2082 Mendici,
356 2037 510 2083 mimae,
528 2037 761 2082 balatrones,
787 2036 864 2074 hoc
881 2048 1007 2087 genus
1029 2048 1144 2074 omne

137 2098 336 2137 Moestum
347 2112 394 2138 ac
404 2099 611 2137 sollicitum
629 2107 689 2137 est
707 2099 875 2137 cantoris
891 2106 1017 2138 morte
1032 2100 1188 2151 Tigelli,

136 2164 291 2216 Quippe
302 2165 492 2216 benignus
502 2172 598 2203 erat.
610 2164 758 2204 Contra
767 2164 845 2212 hic,
853 2177 902 2225 ne
913 2165 1188 2216 prodigusme
