<?xml version="1.0" encoding="UTF-8"?>
<!DOCTYPE html PUBLIC "-//W3C//DTD XHTML 1.0 Transitional//EN"
    "http://www.w3.org/TR/xhtml1/DTD/xhtml1-transitional.dtd">
<html xmlns="http://www.w3.org/1999/xhtml" xml:lang="en" lang="en">
 <head>
  <title>
</title>
<meta http-equiv="Content-Type" content="text/html;charset=utf-8" />
  <meta name='ocr-system' content='tesseract 3.04.00' />
  <meta name='ocr-capabilities' content='ocr_page ocr_carea ocr_par ocr_line ocrx_word'/>
</head>
<body>
  <div class='ocr_page' id='page_1' title='image "./operahunt02horauoft_0073.png"; bbox 0 0 1378 2534; ppageno 0'>
   <div class='ocr_carea' id='block_1_1' title="bbox 80 262 1138 308">
    <p class='ocr_par' dir='ltr' id='par_1_1' title="bbox 80 262 1138 308">
     <span class='ocr_line' id='line_1_1' title="bbox 80 262 1138 308; baseline -0.004 0"><span class='ocrx_word' id='word_1_1' title='bbox 80 279 118 308; x_wconf 76' lang='lat' dir='ltr'><strong>v.</strong></span> <span class='ocrx_word' id='word_1_2' title='bbox 134 269 199 308; x_wconf 76' lang='lat'><strong>42.</strong></span> <span class='ocrx_word' id='word_1_3' title='bbox 343 262 663 306; x_wconf 82' lang='lat' dir='ltr'>SERMONUM</span> <span class='ocrx_word' id='word_1_4' title='bbox 716 262 771 302; x_wconf 89' lang='lat'><strong>11.</strong></span> <span class='ocrx_word' id='word_1_5' title='bbox 824 264 873 301; x_wconf 91' lang='lat' dir='ltr'><strong>iv.</strong></span> <span class='ocrx_word' id='word_1_6' title='bbox 1082 265 1138 304; x_wconf 74' lang='lat'><strong>6³</strong></span> 
     </span>
    </p>
   </div>
   <div class='ocr_carea' id='block_1_2' title="bbox 82 373 1133 684">
    <p class='ocr_par' dir='ltr' id='par_1_2' title="bbox 82 373 1133 684">
     <span class='ocr_line' id='line_1_2' title="bbox 83 373 1133 425; baseline -0.005 -8"><span class='ocrx_word' id='word_1_7' title='bbox 83 376 186 416; x_wconf 83' lang='lat' dir='ltr'><strong>Nam</strong></span> <span class='ocrx_word' id='word_1_8' title='bbox 202 375 375 417; x_wconf 74' lang='lat' dir='ltr'><strong>Laurens</strong></span> <span class='ocrx_word' id='word_1_9' title='bbox 386 375 506 414; x_wconf 73' lang='lat' dir='ltr'><strong>malus</strong></span> <span class='ocrx_word' id='word_1_10' title='bbox 520 381 593 420; x_wconf 77' lang='lat' dir='ltr'><strong>est,</strong></span> <span class='ocrx_word' id='word_1_11' title='bbox 604 373 701 411; x_wconf 89' lang='lat' dir='ltr'><strong>ulvis</strong></span> <span class='ocrx_word' id='word_1_12' title='bbox 715 381 756 412; x_wconf 83' lang='lat' dir='ltr'><strong>et</strong></span> <span class='ocrx_word' id='word_1_13' title='bbox 769 373 955 412; x_wconf 82' lang='lat' dir='ltr'><strong>arundine</strong></span> <span class='ocrx_word' id='word_1_14' title='bbox 967 373 1133 425; x_wconf 84' lang='lat' dir='ltr'><strong>pinguis.</strong></span> 
     </span>
     <span class='ocr_line' id='line_1_3' title="bbox 83 438 1009 491; baseline -0.003 -12"><span class='ocrx_word' id='word_1_15' title='bbox 83 441 211 480; x_wconf 78' lang='lat' dir='ltr'><strong>vinea</strong></span> <span class='ocrx_word' id='word_1_16' title='bbox 226 439 416 480; x_wconf 82' lang='lat' dir='ltr'><strong>submittit</strong></span> <span class='ocrx_word' id='word_1_17' title='bbox 429 451 585 491; x_wconf 80' lang='lat' dir='ltr'><strong>capreas</strong></span> <span class='ocrx_word' id='word_1_18' title='bbox 603 451 680 476; x_wconf 90' lang='lat' dir='ltr'><strong>non</strong></span> <span class='ocrx_word' id='word_1_19' title='bbox 698 451 848 490; x_wconf 84' lang='lat' dir='ltr'>semper</span> <span class='ocrx_word' id='word_1_20' title='bbox 864 438 1009 477; x_wconf 89' lang='lat' dir='ltr'><strong>edules.</strong></span> 
     </span>
     <span class='ocr_line' id='line_1_4' title="bbox 84 502 998 557; baseline -0.003 -13"><span class='ocrx_word' id='word_1_21' title='bbox 84 505 290 546; x_wconf 73' lang='lat' dir='ltr'><strong>Fecundue</strong></span> <span class='ocrx_word' id='word_1_22' title='bbox 306 504 446 557; x_wconf 87' lang='lat' dir='ltr'><strong>leporis</strong></span> <span class='ocrx_word' id='word_1_23' title='bbox 463 503 614 556; x_wconf 82' lang='lat' dir='ltr'><strong>sapiens</strong></span> <span class='ocrx_word' id='word_1_24' title='bbox 631 502 843 557; x_wconf 82' lang='lat' dir='ltr'><strong>sectabitur</strong></span> <span class='ocrx_word' id='word_1_25' title='bbox 860 516 998 542; x_wconf 83' lang='lat' dir='ltr'><strong>armos.</strong></span> 
     </span>
     <span class='ocr_line' id='line_1_5' title="bbox 82 567 1121 620; baseline -0.001 -13"><span class='ocrx_word' id='word_1_26' title='bbox 82 568 257 611; x_wconf 82' lang='lat' dir='ltr'><strong>Piscibus</strong></span> <span class='ocrx_word' id='word_1_27' title='bbox 273 576 390 620; x_wconf 79' lang='lat' dir='ltr'><strong>atque</strong></span> <span class='ocrx_word' id='word_1_28' title='bbox 407 569 540 608; x_wconf 81' lang='lat' dir='ltr'><strong>avibus</strong></span> <span class='ocrx_word' id='word_1_29' title='bbox 559 580 656 619; x_wconf 80' lang='lat' dir='ltr'><strong>quae</strong></span> <span class='ocrx_word' id='word_1_30' title='bbox 676 575 814 606; x_wconf 78' lang='lat' dir='ltr'><strong>natura</strong></span> <span class='ocrx_word' id='word_1_31' title='bbox 823 574 864 606; x_wconf 86' lang='lat' dir='ltr'><strong>et</strong></span> <span class='ocrx_word' id='word_1_32' title='bbox 882 567 983 606; x_wconf 82' lang='lat' dir='ltr'><strong>foret</strong></span> <span class='ocrx_word' id='word_1_33' title='bbox 1000 574 1121 615; x_wconf 75' lang='lat' dir='ltr'><strong>setas,</strong></span> 
     </span>
     <span class='ocr_line' id='line_1_6' title="bbox 84 632 1133 684; baseline -0.001 -12"><span class='ocrx_word' id='word_1_34' title='bbox 84 633 192 672; x_wconf 87' lang='lat' dir='ltr'><strong>Ante</strong></span> <span class='ocrx_word' id='word_1_35' title='bbox 209 646 338 674; x_wconf 84' lang='lat' dir='ltr'><strong>meum</strong></span> <span class='ocrx_word' id='word_1_36' title='bbox 355 632 450 672; x_wconf 87' lang='lat' dir='ltr'><strong>nulli</strong></span> <span class='ocrx_word' id='word_1_37' title='bbox 467 632 592 684; x_wconf 79' lang='lat' dir='ltr'><strong>patuit</strong></span> <span class='ocrx_word' id='word_1_38' title='bbox 609 632 782 684; x_wconf 75' lang='lat' dir='ltr'><strong>quaesita</strong></span> <span class='ocrx_word' id='word_1_39' title='bbox 799 632 981 683; x_wconf 81' lang='lat' dir='ltr'><strong>palatum.</strong></span> <span class='ocrx_word' id='word_1_40' title='bbox 1027 633 1133 682; x_wconf 86' lang='lat' dir='ltr'><strong>[mit.</strong></span> 
     </span>
    </p>
   </div>
   <div class='ocr_carea' id='block_1_3' title="bbox 86 695 1206 750">
    <p class='ocr_par' dir='ltr' id='par_1_3' title="bbox 86 695 1206 750">
     <span class='ocr_line' id='line_1_7' title="bbox 86 695 1206 750; baseline -0.001 -14"><span class='ocrx_word' id='word_1_41' title='bbox 86 697 200 744; x_wconf 87' lang='lat' dir='ltr'>Sunt,</span> <span class='ocrx_word' id='word_1_42' title='bbox 207 710 370 750; x_wconf 87' lang='lat' dir='ltr'><strong>quorum</strong></span> <span class='ocrx_word' id='word_1_43' title='bbox 383 695 581 748; x_wconf 83' lang='lat' dir='ltr'><strong>ingenium</strong></span> <span class='ocrx_word' id='word_1_44' title='bbox 592 708 692 735; x_wconf 82' lang='lat' dir='ltr'><strong>nova</strong></span> <span class='ocrx_word' id='word_1_45' title='bbox 705 702 854 734; x_wconf 79' lang='lat' dir='ltr'><strong>tantum</strong></span> <span class='ocrx_word' id='word_1_46' title='bbox 866 696 1036 735; x_wconf 84' lang='lat' dir='ltr'><strong>crustula</strong></span> <span class='ocrx_word' id='word_1_47' title='bbox 1049 711 1135 748; x_wconf 86' lang='lat' dir='ltr'><strong>pro·</strong></span> <span class='ocrx_word' id='word_1_48' title='bbox 1204 716 1206 718; x_wconf 34' lang='lat' dir='ltr'>v</span> 
     </span>
    </p>
   </div>
   <div class='ocr_carea' id='block_1_4' title="bbox 80 760 1122 2102">
    <p class='ocr_par' dir='ltr' id='par_1_4' title="bbox 83 760 1109 942">
     <span class='ocr_line' id='line_1_8' title="bbox 83 760 1083 814; baseline 0 -15"><span class='ocrx_word' id='word_1_49' title='bbox 83 761 339 814; x_wconf 79' lang='lat' dir='ltr'><strong>Nequaquam</strong></span> <span class='ocrx_word' id='word_1_50' title='bbox 356 761 448 800; x_wconf 76' lang='lat' dir='ltr'><strong>satis</strong></span> <span class='ocrx_word' id='word_1_51' title='bbox 466 760 506 799; x_wconf 90' lang='lat' dir='ltr'><strong>in</strong></span> <span class='ocrx_word' id='word_1_52' title='bbox 523 774 566 799; x_wconf 87' lang='lat' dir='ltr'><strong>re</strong></span> <span class='ocrx_word' id='word_1_53' title='bbox 583 774 660 800; x_wconf 86' lang='lat' dir='ltr'><strong>una</strong></span> <span class='ocrx_word' id='word_1_54' title='bbox 677 773 904 800; x_wconf 86' lang='lat' dir='ltr'><strong>consumere</strong></span> <span class='ocrx_word' id='word_1_55' title='bbox 929 773 1060 799; x_wconf 88' lang='lat' dir='ltr'><strong>curam</strong></span> <span class='ocrx_word' id='word_1_56' title='bbox 1071 775 1083 799; x_wconf 68' lang='grc' dir='ltr'><strong>ε</strong></span> 
     </span>
     <span class='ocr_line' id='line_1_9' title="bbox 85 824 1109 878; baseline -0.001 -13"><span class='ocrx_word' id='word_1_57' title='bbox 85 825 143 865; x_wconf 90' lang='lat' dir='ltr'><strong>Ut</strong></span> <span class='ocrx_word' id='word_1_58' title='bbox 159 826 192 865; x_wconf 88' lang='lat' dir='ltr'><strong>si</strong></span> <span class='ocrx_word' id='word_1_59' title='bbox 209 825 294 878; x_wconf 88' lang='lat' dir='ltr'><strong>quis</strong></span> <span class='ocrx_word' id='word_1_60' title='bbox 311 826 434 865; x_wconf 87' lang='lat' dir='ltr'><strong>solum</strong></span> <span class='ocrx_word' id='word_1_61' title='bbox 447 825 536 872; x_wconf 85' lang='lat' dir='ltr'><strong>hoc,</strong></span> <span class='ocrx_word' id='word_1_62' title='bbox 550 825 651 865; x_wconf 81' lang='lat' dir='ltr'><strong>mala</strong></span> <span class='ocrx_word' id='word_1_63' title='bbox 669 839 718 864; x_wconf 92' lang='lat' dir='ltr'><strong>ne</strong></span> <span class='ocrx_word' id='word_1_64' title='bbox 735 824 812 864; x_wconf 89' lang='lat' dir='ltr'><strong>sint</strong></span> <span class='ocrx_word' id='word_1_65' title='bbox 829 825 932 872; x_wconf 85' lang='lat' dir='ltr'><strong>vina,</strong></span> <span class='ocrx_word' id='word_1_66' title='bbox 946 826 1109 874; x_wconf 76' lang='lat' dir='ltr'><strong>laboret,</strong></span> 
     </span>
     <span class='ocr_line' id='line_1_10' title="bbox 83 889 868 942; baseline -0.006 -11"><span class='ocrx_word' id='word_1_67' title='bbox 83 890 199 935; x_wconf 80' lang='lat' dir='ltr'><strong>Quali</strong></span> <span class='ocrx_word' id='word_1_68' title='bbox 216 889 423 942; x_wconf 78' lang='lat' dir='ltr'><strong>perfundat</strong></span> <span class='ocrx_word' id='word_1_69' title='bbox 440 889 564 941; x_wconf 84' lang='lat' dir='ltr'><strong>pisces</strong></span> <span class='ocrx_word' id='word_1_70' title='bbox 581 902 738 928; x_wconf 84' lang='lat' dir='ltr'><strong>securus</strong></span> <span class='ocrx_word' id='word_1_71' title='bbox 756 889 868 928; x_wconf 88' lang='lat' dir='ltr'><strong>olivo.</strong></span> 
     </span>
    </p>

    <p class='ocr_par' dir='ltr' id='par_1_5' title="bbox 80 953 1122 1843">
     <span class='ocr_line' id='line_1_11' title="bbox 83 953 909 1006; baseline -0.001 -12"><span class='ocrx_word' id='word_1_72' title='bbox 83 954 252 996; x_wconf 83' lang='lat' dir='ltr'><strong>Massica</strong></span> <span class='ocrx_word' id='word_1_73' title='bbox 267 953 300 996; x_wconf 82' lang='lat' dir='ltr'><strong>si</strong></span> <span class='ocrx_word' id='word_1_74' title='bbox 317 954 427 994; x_wconf 92' lang='lat' dir='ltr'><strong>coelo</strong></span> <span class='ocrx_word' id='word_1_75' title='bbox 445 967 638 1006; x_wconf 84' lang='lat' dir='ltr'><strong>suppones</strong></span> <span class='ocrx_word' id='word_1_76' title='bbox 654 954 744 992; x_wconf 83' lang='lat' dir='ltr'><strong>vina</strong></span> <span class='ocrx_word' id='word_1_77' title='bbox 759 967 909 1002; x_wconf 88' lang='lat' dir='ltr'><strong>sereno,</strong></span> 
     </span>
     <span class='ocr_line' id='line_1_12' title="bbox 85 1018 1063 1070; baseline 0.001 -12"><span class='ocrx_word' id='word_1_78' title='bbox 85 1019 301 1066; x_wconf 73' lang='lat' dir='ltr'><strong>Nocturna,</strong></span> <span class='ocrx_word' id='word_1_79' title='bbox 327 1019 360 1059; x_wconf 92' lang='lat' dir='ltr'><strong>si</strong></span> <span class='ocrx_word' id='word_1_80' title='bbox 378 1018 471 1070; x_wconf 88' lang='lat' dir='ltr'><strong>quid</strong></span> <span class='ocrx_word' id='word_1_81' title='bbox 490 1019 604 1057; x_wconf 82' lang='lat' dir='ltr'><strong>crassi</strong></span> <span class='ocrx_word' id='word_1_82' title='bbox 624 1026 697 1065; x_wconf 90' lang='lat' dir='ltr'><strong>est,</strong></span> <span class='ocrx_word' id='word_1_83' title='bbox 717 1020 940 1058; x_wconf 84' lang='lat' dir='ltr'><strong>tenuabitur</strong></span> <span class='ocrx_word' id='word_1_84' title='bbox 958 1033 1063 1067; x_wconf 77' lang='lat' dir='ltr'><strong>aura,</strong></span> 
     </span>
     <span class='ocr_line' id='line_1_13' title="bbox 83 1083 941 1125; baseline 0.001 -4"><span class='ocrx_word' id='word_1_85' title='bbox 83 1083 137 1122; x_wconf 90' lang='lat' dir='ltr'><strong>Et</strong></span> <span class='ocrx_word' id='word_1_86' title='bbox 154 1084 317 1125; x_wconf 88' lang='lat' dir='ltr'><strong>decedet</strong></span> <span class='ocrx_word' id='word_1_87' title='bbox 334 1083 430 1123; x_wconf 85' lang='lat' dir='ltr'><strong>odor</strong></span> <span class='ocrx_word' id='word_1_88' title='bbox 448 1083 574 1121; x_wconf 85' lang='lat' dir='ltr'><strong>nervis</strong></span> <span class='ocrx_word' id='word_1_89' title='bbox 592 1083 789 1122; x_wconf 89' lang='lat' dir='ltr'><strong>inimicus:</strong></span> <span class='ocrx_word' id='word_1_90' title='bbox 818 1091 857 1121; x_wconf 84' lang='lat' dir='ltr'><strong>at</strong></span> <span class='ocrx_word' id='word_1_91' title='bbox 875 1084 941 1122; x_wconf 86' lang='lat' dir='ltr'><strong>illa</strong></span> 
     </span>
     <span class='ocr_line' id='line_1_14' title="bbox 80 1147 919 1199; baseline -0.001 -13"><span class='ocrx_word' id='word_1_92' title='bbox 80 1147 285 1198; x_wconf 85' lang='lat' dir='ltr'><strong>Integrum</strong></span> <span class='ocrx_word' id='word_1_93' title='bbox 302 1147 469 1199; x_wconf 85' lang='lat' dir='ltr'><strong>perdunt</strong></span> <span class='ocrx_word' id='word_1_94' title='bbox 485 1147 565 1185; x_wconf 87' lang='lat' dir='ltr'><strong>lino</strong></span> <span class='ocrx_word' id='word_1_95' title='bbox 583 1147 714 1186; x_wconf 82' lang='lat' dir='ltr'><strong>vitiata</strong></span> <span class='ocrx_word' id='word_1_96' title='bbox 732 1160 919 1199; x_wconf 83' lang='lat' dir='ltr'><strong>saporem.</strong></span> 
     </span>
     <span class='ocr_line' id='line_1_15' title="bbox 84 1211 979 1263; baseline 0.001 -12"><span class='ocrx_word' id='word_1_97' title='bbox 84 1212 312 1253; x_wconf 78' lang='lat' dir='ltr'><strong>Surrentina</strong></span> <span class='ocrx_word' id='word_1_98' title='bbox 329 1211 436 1252; x_wconf 78' lang='lat' dir='ltr'><strong>vafer</strong></span> <span class='ocrx_word' id='word_1_99' title='bbox 453 1211 518 1263; x_wconf 90' lang='lat' dir='ltr'><strong>qui</strong></span> <span class='ocrx_word' id='word_1_100' title='bbox 535 1211 672 1252; x_wconf 89' lang='lat' dir='ltr'><strong>miscet</strong></span> <span class='ocrx_word' id='word_1_101' title='bbox 689 1211 798 1250; x_wconf 84' lang='lat' dir='ltr'><strong>faece</strong></span> <span class='ocrx_word' id='word_1_102' title='bbox 817 1212 979 1252; x_wconf 74' lang='lat' dir='ltr'><strong>Falerna</strong></span> 
     </span>
     <span class='ocr_line' id='line_1_16' title="bbox 83 1276 982 1327; baseline 0.001 -13"><span class='ocrx_word' id='word_1_103' title='bbox 83 1276 199 1324; x_wconf 80' lang='lat' dir='ltr'><strong>Vina,</strong></span> <span class='ocrx_word' id='word_1_104' title='bbox 217 1276 436 1317; x_wconf 82' lang='lat' dir='ltr'><strong>columbino</strong></span> <span class='ocrx_word' id='word_1_105' title='bbox 453 1276 586 1317; x_wconf 88' lang='lat' dir='ltr'><strong>limum</strong></span> <span class='ocrx_word' id='word_1_106' title='bbox 600 1277 699 1315; x_wconf 88' lang='lat' dir='ltr'><strong>bene</strong></span> <span class='ocrx_word' id='word_1_107' title='bbox 719 1276 865 1327; x_wconf 87' lang='lat' dir='ltr'><strong>colligit</strong></span> <span class='ocrx_word' id='word_1_108' title='bbox 883 1290 956 1315; x_wconf 89' lang='lat' dir='ltr'><strong>ovo</strong></span> <span class='ocrx_word' id='word_1_109' title='bbox 971 1293 982 1322; x_wconf 89' lang='lat'><strong>;</strong></span> 
     </span>
     <span class='ocr_line' id='line_1_17' title="bbox 83 1341 988 1393; baseline -0.001 -13"><span class='ocrx_word' id='word_1_110' title='bbox 83 1342 284 1385; x_wconf 80' lang='lat' dir='ltr'><strong>Quatenus</strong></span> <span class='ocrx_word' id='word_1_111' title='bbox 299 1341 377 1382; x_wconf 78' lang='lat' dir='ltr'><strong>ima</strong></span> <span class='ocrx_word' id='word_1_112' title='bbox 393 1341 491 1393; x_wconf 85' lang='lat' dir='ltr'><strong>petit</strong></span> <span class='ocrx_word' id='word_1_113' title='bbox 507 1341 664 1382; x_wconf 87' lang='lat' dir='ltr'><strong>volvens</strong></span> <span class='ocrx_word' id='word_1_114' title='bbox 681 1341 807 1382; x_wconf 83' lang='lat' dir='ltr'><strong>aliena</strong></span> <span class='ocrx_word' id='word_1_115' title='bbox 823 1342 988 1380; x_wconf 87' lang='lat' dir='ltr'><strong>vitellus.</strong></span> 
     </span>
     <span class='ocr_line' id='line_1_18' title="bbox 85 1405 1014 1457; baseline 0.001 -13"><span class='ocrx_word' id='word_1_116' title='bbox 85 1405 214 1446; x_wconf 86' lang='lat' dir='ltr'><strong>Tostis</strong></span> <span class='ocrx_word' id='word_1_117' title='bbox 231 1413 467 1447; x_wconf 80' lang='lat' dir='ltr'><strong>marcentem</strong></span> <span class='ocrx_word' id='word_1_118' title='bbox 484 1405 629 1457; x_wconf 85' lang='lat' dir='ltr'><strong>squillis</strong></span> <span class='ocrx_word' id='word_1_119' title='bbox 645 1405 838 1444; x_wconf 82' lang='lat' dir='ltr'><strong>recreabis</strong></span> <span class='ocrx_word' id='word_1_120' title='bbox 855 1412 896 1443; x_wconf 89' lang='lat' dir='ltr'><strong>et</strong></span> <span class='ocrx_word' id='word_1_121' title='bbox 913 1406 1014 1445; x_wconf 86' lang='lat' dir='ltr'><strong>Afra</strong></span> 
     </span>
     <span class='ocr_line' id='line_1_19' title="bbox 85 1468 1016 1514; baseline 0.002 -7"><span class='ocrx_word' id='word_1_122' title='bbox 85 1468 269 1511; x_wconf 76' lang='lat' dir='ltr'><strong>Potorem</strong></span> <span class='ocrx_word' id='word_1_123' title='bbox 287 1470 468 1514; x_wconf 80' lang='lat' dir='ltr'><strong>cochlea;</strong></span> <span class='ocrx_word' id='word_1_124' title='bbox 496 1483 584 1509; x_wconf 82' lang='lat' dir='ltr'><strong>nam</strong></span> <span class='ocrx_word' id='word_1_125' title='bbox 602 1470 755 1509; x_wconf 82' lang='lat' dir='ltr'><strong>lactuca</strong></span> <span class='ocrx_word' id='word_1_126' title='bbox 771 1470 925 1508; x_wconf 80' lang='lat' dir='ltr'><strong>innatat</strong></span> <span class='ocrx_word' id='word_1_127' title='bbox 933 1471 1016 1509; x_wconf 77' lang='lat' dir='ltr'><strong>acri</strong></span> 
     </span>
     <span class='ocr_line' id='line_1_20' title="bbox 85 1532 1122 1586; baseline 0.001 -12"><span class='ocrx_word' id='word_1_128' title='bbox 85 1532 180 1574; x_wconf 83' lang='lat' dir='ltr'><strong>Post</strong></span> <span class='ocrx_word' id='word_1_129' title='bbox 191 1533 321 1575; x_wconf 85' lang='lat' dir='ltr'><strong>vinum</strong></span> <span class='ocrx_word' id='word_1_130' title='bbox 334 1534 549 1575; x_wconf 82' lang='lat' dir='ltr'><strong>stomacho:</strong></span> <span class='ocrx_word' id='word_1_131' title='bbox 563 1547 684 1586; x_wconf 79' lang='lat' dir='ltr'><strong>perna</strong></span> <span class='ocrx_word' id='word_1_132' title='bbox 694 1534 816 1585; x_wconf 82' lang='lat' dir='ltr'><strong>magis</strong></span> <span class='ocrx_word' id='word_1_133' title='bbox 827 1547 873 1574; x_wconf 73' lang='lat' dir='ltr'><strong>ac</strong></span> <span class='ocrx_word' id='word_1_134' title='bbox 888 1535 1009 1586; x_wconf 87' lang='lat' dir='ltr'><strong>magis</strong></span> <span class='ocrx_word' id='word_1_135' title='bbox 1021 1533 1122 1575; x_wconf 84' lang='lat' dir='ltr'><strong>hillis</strong></span> 
     </span>
     <span class='ocr_line' id='line_1_21' title="bbox 85 1597 1069 1652; baseline 0.004 -17"><span class='ocrx_word' id='word_1_136' title='bbox 85 1597 252 1648; x_wconf 84' lang='lat' dir='ltr'><strong>Flagitat</strong></span> <span class='ocrx_word' id='word_1_137' title='bbox 270 1599 309 1639; x_wconf 87' lang='lat' dir='ltr'><strong>in</strong></span> <span class='ocrx_word' id='word_1_138' title='bbox 327 1612 475 1639; x_wconf 87' lang='lat' dir='ltr'><strong>morsus</strong></span> <span class='ocrx_word' id='word_1_139' title='bbox 492 1600 624 1644; x_wconf 84' lang='lat' dir='ltr'><strong>refici;</strong></span> <span class='ocrx_word' id='word_1_140' title='bbox 650 1600 743 1652; x_wconf 91' lang='lat' dir='ltr'><strong>quin</strong></span> <span class='ocrx_word' id='word_1_141' title='bbox 761 1601 890 1640; x_wconf 88' lang='lat' dir='ltr'><strong>omnia</strong></span> <span class='ocrx_word' id='word_1_142' title='bbox 911 1602 1069 1649; x_wconf 85' lang='lat' dir='ltr'><strong>mavult,</strong></span> 
     </span>
     <span class='ocr_line' id='line_1_22' title="bbox 86 1662 1047 1716; baseline -0.001 -12"><span class='ocrx_word' id='word_1_143' title='bbox 86 1662 351 1714; x_wconf 80' lang='lat' dir='ltr'><strong>Quaecunque</strong></span> <span class='ocrx_word' id='word_1_144' title='bbox 369 1663 574 1705; x_wconf 86' lang='lat' dir='ltr'><strong>immundis</strong></span> <span class='ocrx_word' id='word_1_145' title='bbox 591 1664 742 1705; x_wconf 86' lang='lat' dir='ltr'><strong>fervent</strong></span> <span class='ocrx_word' id='word_1_146' title='bbox 755 1665 869 1703; x_wconf 83' lang='lat' dir='ltr'><strong>allata</strong></span> <span class='ocrx_word' id='word_1_147' title='bbox 885 1666 1047 1716; x_wconf 79' lang='lat' dir='ltr'><strong>popinis.</strong></span> 
     </span>
     <span class='ocr_line' id='line_1_23' title="bbox 87 1724 1034 1780; baseline 0.001 -15"><span class='ocrx_word' id='word_1_148' title='bbox 87 1724 160 1765; x_wconf 83' lang='lat' dir='ltr'><strong>Est</strong></span> <span class='ocrx_word' id='word_1_149' title='bbox 177 1739 316 1778; x_wconf 73' lang='lat' dir='ltr'><strong>operae</strong></span> <span class='ocrx_word' id='word_1_150' title='bbox 334 1728 499 1778; x_wconf 88' lang='lat' dir='ltr'><strong>pretium</strong></span> <span class='ocrx_word' id='word_1_151' title='bbox 518 1729 680 1780; x_wconf 86' lang='lat' dir='ltr'><strong>duplicis</strong></span> <span class='ocrx_word' id='word_1_152' title='bbox 694 1741 923 1779; x_wconf 87' lang='lat' dir='ltr'><strong>pernoscere</strong></span> <span class='ocrx_word' id='word_1_153' title='bbox 937 1730 1034 1779; x_wconf 84' lang='lat' dir='ltr'><strong>juris</strong></span> 
     </span>
     <span class='ocr_line' id='line_1_24' title="bbox 86 1790 950 1843; baseline 0.005 -15"><span class='ocrx_word' id='word_1_154' title='bbox 86 1790 296 1831; x_wconf 81' lang='lat' dir='ltr'><strong>Naturam:</strong></span> <span class='ocrx_word' id='word_1_155' title='bbox 323 1791 487 1843; x_wconf 79' lang='lat' dir='ltr'><strong>simplex</strong></span> <span class='ocrx_word' id='word_1_156' title='bbox 505 1805 527 1831; x_wconf 90' lang='lat' dir='ltr'><strong>e</strong></span> <span class='ocrx_word' id='word_1_157' title='bbox 545 1793 651 1832; x_wconf 90' lang='lat' dir='ltr'><strong>dulci</strong></span> <span class='ocrx_word' id='word_1_158' title='bbox 669 1800 820 1833; x_wconf 82' lang='lat' dir='ltr'><strong>constat</strong></span> <span class='ocrx_word' id='word_1_159' title='bbox 836 1793 950 1840; x_wconf 83' lang='lat' dir='ltr'><strong>olivo,</strong></span> 
     </span>
    </p>

    <p class='ocr_par' dir='ltr' id='par_1_6' title="bbox 87 1851 1066 1973">
     <span class='ocr_line' id='line_1_25' title="bbox 87 1851 1066 1909; baseline 0.003 -15"><span class='ocrx_word' id='word_1_160' title='bbox 87 1856 204 1898; x_wconf 87' lang='lat' dir='ltr'><strong>Quod</strong></span> <span class='ocrx_word' id='word_1_161' title='bbox 221 1856 354 1907; x_wconf 84' lang='lat' dir='ltr'><strong>pingui</strong></span> <span class='ocrx_word' id='word_1_162' title='bbox 371 1856 535 1897; x_wconf 86' lang='lat' dir='ltr'><strong>miscere</strong></span> <span class='ocrx_word' id='word_1_163' title='bbox 553 1870 660 1895; x_wconf 87' lang='lat' dir='ltr'><strong>mero</strong></span> <span class='ocrx_word' id='word_1_164' title='bbox 679 1857 880 1909; x_wconf 83' lang='lat' dir='ltr'><strong>muriaque</strong></span> <span class='ocrx_word' id='word_1_165' title='bbox 899 1851 1066 1905; x_wconf 82' lang='lat' dir='ltr'><strong>decebit,</strong></span> 
     </span>
     <span class='ocr_line' id='line_1_26' title="bbox 87 1920 981 1973; baseline 0.003 -15"><span class='ocrx_word' id='word_1_166' title='bbox 87 1920 177 1959; x_wconf 91' lang='lat' dir='ltr'><strong>Non</strong></span> <span class='ocrx_word' id='word_1_167' title='bbox 195 1921 282 1967; x_wconf 76' lang='lat' dir='ltr'><strong>alia,</strong></span> <span class='ocrx_word' id='word_1_168' title='bbox 301 1934 416 1972; x_wconf 86' lang='lat' dir='ltr'><strong>quam</strong></span> <span class='ocrx_word' id='word_1_169' title='bbox 435 1935 511 1973; x_wconf 85' lang='lat' dir='ltr'><strong>qua</strong></span> <span class='ocrx_word' id='word_1_170' title='bbox 529 1921 718 1973; x_wconf 81' lang='lat' dir='ltr'><strong>Byzantia</strong></span> <span class='ocrx_word' id='word_1_171' title='bbox 733 1922 862 1973; x_wconf 90' lang='lat' dir='ltr'><strong>putuit</strong></span> <span class='ocrx_word' id='word_1_172' title='bbox 879 1935 981 1961; x_wconf 85' lang='lat' dir='ltr'><strong>orca.</strong></span> 
     </span>
    </p>

    <p class='ocr_par' dir='ltr' id='par_1_7' title="bbox 87 1983 1108 2102">
     <span class='ocr_line' id='line_1_27' title="bbox 87 1983 984 2034; baseline 0.003 -13"><span class='ocrx_word' id='word_1_173' title='bbox 87 1983 178 2022; x_wconf 91' lang='lat' dir='ltr'><strong>Hoc</strong></span> <span class='ocrx_word' id='word_1_174' title='bbox 197 1985 261 2022; x_wconf 84' lang='lat' dir='ltr'><strong>ubi</strong></span> <span class='ocrx_word' id='word_1_175' title='bbox 280 1985 483 2024; x_wconf 87' lang='lat' dir='ltr'><strong>confusum</strong></span> <span class='ocrx_word' id='word_1_176' title='bbox 501 1987 616 2024; x_wconf 89' lang='lat' dir='ltr'><strong>sectis</strong></span> <span class='ocrx_word' id='word_1_177' title='bbox 634 1985 818 2024; x_wconf 85' lang='lat' dir='ltr'><strong>inferbuit</strong></span> <span class='ocrx_word' id='word_1_178' title='bbox 841 1987 984 2034; x_wconf 91' lang='lat' dir='ltr'><strong>herbis,</strong></span> 
     </span>
     <span class='ocr_line' id='line_1_28' title="bbox 89 2047 1108 2102; baseline 0.004 -16"><span class='ocrx_word' id='word_1_179' title='bbox 89 2047 332 2099; x_wconf 88' lang='lat' dir='ltr'><strong>Corycioque</strong></span> <span class='ocrx_word' id='word_1_180' title='bbox 352 2062 467 2088; x_wconf 91' lang='lat' dir='ltr'><strong>croco</strong></span> <span class='ocrx_word' id='word_1_181' title='bbox 485 2063 656 2102; x_wconf 88' lang='lat' dir='ltr'><strong>sparsum</strong></span> <span class='ocrx_word' id='word_1_182' title='bbox 675 2050 797 2097; x_wconf 89' lang='lat' dir='ltr'><strong>stetit,</strong></span> <span class='ocrx_word' id='word_1_183' title='bbox 821 2050 974 2102; x_wconf 90' lang='lat' dir='ltr'><strong>insuper</strong></span> <span class='ocrx_word' id='word_1_184' title='bbox 992 2053 1108 2090; x_wconf 81' lang='lat' dir='ltr'><strong>addes</strong></span> 
     </span>
    </p>
   </div>
   <div class='ocr_carea' id='block_1_5' title="bbox 25 2111 1056 2165">
    <p class='ocr_par' dir='ltr' id='par_1_8' title="bbox 25 2111 1056 2165">
     <span class='ocr_line' id='line_1_29' title="bbox 25 2111 1056 2165; baseline 0.004 -17"><span class='ocrx_word' id='word_1_185' title='bbox 25 2116 28 2118; x_wconf 74' lang='grc'><strong><em>’</em></strong></span> <span class='ocrx_word' id='word_1_186' title='bbox 89 2111 226 2150; x_wconf 80' lang='lat' dir='ltr'><strong>Pressa</strong></span> <span class='ocrx_word' id='word_1_187' title='bbox 244 2113 483 2152; x_wconf 81' lang='lat' dir='ltr'><strong>Venafranae</strong></span> <span class='ocrx_word' id='word_1_188' title='bbox 502 2115 607 2165; x_wconf 90' lang='lat' dir='ltr'><strong>quod</strong></span> <span class='ocrx_word' id='word_1_189' title='bbox 623 2115 745 2152; x_wconf 84' lang='lat' dir='ltr'><strong>bacca</strong></span> <span class='ocrx_word' id='word_1_190' title='bbox 761 2115 906 2154; x_wconf 89' lang='lat' dir='ltr'><strong>remisit</strong></span> <span class='ocrx_word' id='word_1_191' title='bbox 924 2117 1056 2156; x_wconf 88' lang='lat' dir='ltr'><strong>olivae.</strong></span> 
     </span>
    </p>
   </div>
   <div class='ocr_carea' id='block_1_6' title="bbox 91 2175 892 2229">
    <p class='ocr_par' dir='ltr' id='par_1_9' title="bbox 91 2175 892 2229">
     <span class='ocr_line' id='line_1_30' title="bbox 91 2175 892 2229; baseline 0.006 -16"><span class='ocrx_word' id='word_1_192' title='bbox 91 2175 243 2214; x_wconf 86' lang='lat' dir='ltr'><strong>Picenis</strong></span> <span class='ocrx_word' id='word_1_193' title='bbox 261 2177 405 2216; x_wconf 87' lang='lat' dir='ltr'><strong>cedunt</strong></span> <span class='ocrx_word' id='word_1_194' title='bbox 421 2178 543 2229; x_wconf 87' lang='lat' dir='ltr'><strong>pomis</strong></span> <span class='ocrx_word' id='word_1_195' title='bbox 563 2179 737 2217; x_wconf 84' lang='lat' dir='ltr'><strong>Tiburtia</strong></span> <span class='ocrx_word' id='word_1_196' title='bbox 752 2192 892 2222; x_wconf 90' lang='lat' dir='ltr'><strong>succo;</strong></span> 
     </span>
    </p>
   </div>
  </div>
 </body>
</html>
