1378 2534
510 248 785 291 NOTULAE
1092 248 1163 292 171

392 338 440 367 11
466 338 555 367 mn.
579 339 610 366 1.
637 338 899 367 summunt„

114 428 144 452 θ’
169 431 252 464 tum
269 431 356 470 est·
377 423 439 464 ain
455 437 509 464 ex
525 423 683 463 Horatii
695 437 860 477 potsunt,
890 423 1104 464 insolenter
1120 430 1162 462 et

113 488 379 541 ‘glori‘ose-”
396 489 557 528 Baua-1..
598 488 792 541 Equidem
805 489 881 528 hoc
891 488 1064 531 nondum
1073 501 1163 540 per-

112 552 246 605 cipere
260 565 430 606 possum.
481 553 648 592 Minime
665 554 767 593 enim
785 562 904 605 negat
918 552 1107 592 Horatius
1119 565 1162 591 se

111 616 203 656 ideo
218 617 374 657 felicem
391 617 471 657 dici
495 631 624 670 posse,
652 618 759 671 quod
788 618 1063 656 Maecenatem
1091 616 1160 655 Ιια-

109 681 197 722 beat
212 682 379 722 amicum
395 699 406 727 ;
432 683 538 735 quod
554 683 723 722 insolens
734 683 851 730 foret,
880 690 921 721 et
933 682 1163 721 inverecun-

111 746 207 785 dum
219 761 231 785 ε
257 747 328 787 sed
344 754 463 799 negat
479 760 522 786 se
552 747 707 787 felicem
726 747 805 786 dici
834 759 948 799 posse
977 759 1026 785 eo
1054 745 1161 798 quod

111 821 223 850 casu
240 810 514 851 Maecenatem
527 812 690 857 sortitus
706 811 825 851 fuerit
841 811 1034 855 amicum3

214 873 335 914 Nulla
351 876 485 915 etenim
501 876 594 915 mihi
608 878 739 928 tefors
755 874 901 923 obtulit,
918 879 989 914 &c-

110 959 154 992 et
169 952 251 992 sive
266 953 343 992 hoc
355 954 481 1006 prima
492 966 658 1006 persona
670 953 797 992 efferri
807 953 917 1000 velis,
930 952 1012 991 sive
1028 951 1158 1000 tertia,

110 1027 235 1070 aeque
251 1018 515 1057 verecundum
533 1026 607 1065 est,
625 1029 749 1069 aeque
766 1017 1070 1056 inverecundum
1083 1031 1095 1055 z
1113 1030 1159 1056 u-

111 1082 293 1134 trobique
309 1082 413 1122 enim
431 1081 620 1121 Horatius
637 1083 719 1134 ipse
737 1090 797 1122 est
815 1082 882 1134 qui
898 1089 1028 1133 negat.

156 1145 229 1184 VI.
241 1149 305 1186 54.
335 1146 413 1185 Pro
423 1147 516 1185 mihi
526 1153 577 1194 te,
591 1147 720 1186 Bentl.
745 1146 814 1185 tibi
823 1160 893 1192 me,
904 1154 1086 1198 tanquam
1097 1159 1163 1185 ve·

110 1210 332 1250 recundius.
386 1216 413 1235 “
442 1211 661 1263 Superbum
679 1218 781 1250 esset
798 1211 930 1250 dicere
945 1210 1038 1250 mihi
1052 1217 1103 1259 te,
1129 1211 1164 1249 si

110 1280 141 1299 “
165 1274 247 1313 fors
263 1274 376 1314 nobis
393 1275 549 1314 offerret
565 1283 717 1314 tantum
734 1275 927 1327 mancipia
941 1291 953 1322 ;
968 1276 1040 1314 sed
1051 1275 1171 1315 offert

110 1342 142 1363 “
166 1339 285 1379 etiam
301 1341 532 1391 patronos,’'
558 1343 629 1379 ἃς.
656 1339 788 1379 Gesn.

162 1404 227 1445 8⁷.
282 1403 339 1442 ob
355 1403 423 1444 1·oe
440 1404 556 1444 codd.
574 1405 730 1456 quidam
743 1413 785 1444 et
802 1405 891 1443 edd.
908 1412 1004 1444 vett„
1041 1395 1171 1444 Pleri-‘

109 1481 188 1521 que
204 1468 292 1507 libri
309 1469 443 1522 scripti
459 1470 513 1508 ad
526 1469 607 1518 hoc,
634 1471 709 1517 vel,
736 1470 842 1522 quod
859 1469 962 1508 idem
980 1461 1040 1508 est
1063 1469 1163 1523 (vid.

22 1584 27 1587 .
110 1533 299 1577 Quinctil.
315 1534 405 1590 Lib.
422 1534 455 1573 Ι.
473 1547 509 1573 c.
525 1536 586 1587 7.)
607 1541 649 1573 at
665 1534 744 1573 Ῐιοσ.
770 1535 900 1573 Bentl.
917 1536 971 1573 ad
984 1535 1087 1574 haec.

162 1601 229 1638 96.
282 1599 475 1637 Horma-tos
498 1606 647 1650 septem
665 1598 781 1637 codd.
799 1599 1013 1651 Rutgersii‚
1041 1599 1107 1652 qui
1125 1614 1165 1639 ο-

111 1667 238 1700 nustos
254 1662 388 1701 edidit.

165 1728 253 1765 122.
306 1727 373 1765 Ad
387 1733 559 1778 quartam
578 1730 691 1780 jaceo
696 1743 714 1772 ,·
742 1740 820 1766 non
849 1727 1058 1775 dormiens,
1096 1729 1167 1768 sed

110 1791 151 1829 in
167 1791 314 1830 lectulo
333 1791 505 1830 studens‘

164 1857 252 1893 126.
303 1854 421 1906 Vulg.
421 1855 546 1909 fugio
562 1856 703 1895 rabiosi
713 1862 878 1909 tempora
894 1856 1009 1909 signi,
1026 1857 1053 1895 i.
1066 1870 1102 1897 e.
1120 1866 1166 1897 ut

112 1927 295 1959 enarrant
325 1920 556 1959 scholiastae
574 1929 669 1960 vett.
696 1927 880 1961 aestuosos
909 1922 989 1960 dies
1015 1923 1164 1962 canicu-

110 1981 210 2021 lares
224 1999 240 2021 :
267 1984 373 2035 quod
389 1984 504 2035 hujus
523 1985 600 2024 loci
618 1998 739 2037 scopo
764 1994 882 2037 atque
899 1987 1021 2026 nexui
1049 1989 1162 2026 mini·

111 2059 174 2084 me
198 2048 405 2086 convenire
435 2049 601 2088 videtur.
664 2049 816 2102 Itaque,
847 2063 937 2090 cum
970 2051 1163 2100 Bentleio,

112 2111 298 2158 Ramex-0,
316 2112 492 2164 aliisque,
510 2127 562 2152 ex
575 2115 835 2154 vetustissimo
849 2115 986 2155 codice
1006 2116 1162 2155 Blandi·

113 2174 178 2215 nio
196 2175 372 2215 dedimus
372 2178 494 2229 fugio
510 2191 676 2232 campum
694 2178 884 2233 lusumque
899 2180 1082 2232 trigoaem
1100 2194 1114 2225 ε,
