1378 2534
78 281 114 308 v.
126 271 191 308 81.
334 267 652 308 SERMONUM
703 263 758 307 11.
808 268 885 308 viii.
1079 267 1129 313 81

82 378 245 421 Quaerit
261 377 311 417 de
327 379 472 430 pueris,
486 392 579 417 num
597 378 646 416 sit
664 391 818 430 quoque
835 378 960 417 fracta
976 379 1131 430 lagenas

82 442 200 485 Quod
216 442 287 481 sibi
305 444 481 494 poscenti
499 456 576 482 non
595 443 737 482 dentur
753 443 916 495 pocula;
934 444 1104 496 dumque

81 506 247 545 Ridetur
262 506 364 546 fictis
381 521 524 555 rerum,
555 507 762 547 Balatrone
780 509 974 548 secundo:

79 570 304 620 Nasidiene,
330 572 432 611 redis
449 579 620 611 mutatae
636 572 790 620 frontis,
817 581 861 611 ut
878 581 961 612 arte

80 633 366 674 Emendaturus
382 635 588 674 fortunam.
615 635 771 675 Deinde
789 637 915 675 secuti

82 698 319 738 Mazonomo
336 700 447 750 pueri
463 713 606 751 magno
623 700 818 753 discerpta
834 702 1004 741 ferentes

81 760 262 802 Membra
278 763 397 814 gruis,
416 764 537 815 sparsi
555 765 634 803 sale
651 766 787 813 multo,
798 779 876 805 non
894 767 978 805 sine
995 766 1110 816 farre,

80 824 294 877 Pinguibus
311 835 352 866 et
369 827 452 866 ficis
469 836 621 880 pastum
633 832 747 880 jecur
765 831 909 869 anseris
931 831 1023 878 albi,

79 888 133 928 Et
149 891 324 943 leporum
341 893 505 940 avulsos,
524 901 568 932 ut
581 895 703 933 multo
722 895 889 943 suavius,
906 909 1047 943 armos,

79 956 206 999 Quam
221 958 254 996 si
271 971 359 997 cum
387 958 525 997 lumbis
542 960 628 1010 quis
649 961 741 999 edit.
778 961 880 999 Tum
910 969 1069 1013 pectore
1086 975 1126 1003 a-

285 1017 398 1061 dubto

80 1083 255 1124 Vidimus
271 1094 312 1124 et
328 1087 493 1124 merulas
511 1088 616 1138 poni,
635 1095 676 1127 et
688 1089 770 1128 sine
783 1090 897 1128 clune
915 1091 1128 1142 palumbesff

81 1148 226 1187 Suaves
242 1162 319 1197 res,
335 1150 367 1188 si
384 1164 462 1189 non
481 1163 614 1190 causas
632 1161 803 1192 narraret
819 1167 950 1194 earum
968 1164 1010 1194 et

78 1211 248 1252 Naturas
265 1213 467 1260 dominus3
493 1229 608 1267 quem
625 1230 695 1256 nos
712 1218 768 1257 sic
784 1218 953 1270 fugimus
970 1221 1055 1269 ulti,

78 1277 141 1316 Ut·
153 1278 248 1316 nihil
265 1279 421 1318 omnino
438 1289 693 1331 gustaremus,
711 1283 816 1322 velut
834 1284 906 1323 illis

79 1340 242 1382 Canidia
256 1343 450 1391 adflasset,
475 1347 585 1397 pejor
601 1348 846 1400 serpentibus
863 1349 983 1390 Afris.

609 1922 652 1962 L

130 1917 249 1956 Tou.
280 1919 338 1958 ΙΙ.
