1378 2534
162 195 237 234 136
300 204 306 207 «
373 190 777 232 EPISTOLARUM
828 191 883 231 Η.
935 191 976 231 ³1.
1023 164 1029 170 ’
1104 196 1222 235 ms.

159 307 207 344 In
226 306 339 345 scalis
356 304 469 344 latuit
485 304 663 343 metuens
681 303 888 355 pendentis
912 303 1088 343 habenae
1102 317 1117 342 ι-

157 372 243 422 Des
260 383 451 416 nummos,
470 375 638 421 excepta
654 368 749 406 nihil
767 375 809 406 te
827 368 971 420 sifuga
987 368 1130 407 laedit:

158 437 231 475 Ille
248 436 348 474 ferat
365 435 547 487 pretium,
565 446 715 486 poenae
733 444 906 480 securus,
935 433 1086 486 opinor.

158 501 335 540 Prudens
353 499 480 538 emisti
492 499 676 537 vitiosum
692 514 702 544 ;
729 498 834 536 dicta
856 498 1006 537 tibica
1023 498 1111 537 lex:

158 565 381 617 Insequeris
397 573 527 603 tamen
546 563 666 610 hunc,
692 570 732 601 et
750 563 817 601 lite
835 562 996 602 mamis
1019 562 1162 615 iniqua.

156 633 256 672 Dixi
273 645 336 670 me
353 631 507 682 pigrum
526 629 787 681 proficiscenti
805 628 902 673 tibi;
925 628 1009 668 (fixi

157 697 317 735 Talibus
334 695 468 733 officiis
486 707 608 746 prope
624 706 805 733 mancum
820 708 831 732 z
858 707 908 732 ne
922 705 1011 732 mea
1024 705 1164 732 saevus

154 763 183 801 J
186 773 342 812 urgares
360 760 410 798 ad
427 765 467 797 te
487 759 591 810 quod
609 758 773 810 epistola
791 758 896 796 nulla
912 745 1075 813 veniret.
1095 750 1096 753 ¹

155 826 262 870 Quid
279 833 360 864 tum
379 824 542 875 profeci,
569 835 723 862 mecum
741 822 926 862 facientia
933 815 1028 872 jura

157 891 198 929 Si
209 897 339 928 tamen
351 889 538 927 attentas?
555 887 738 932 Quereris
752 901 866 939 super
877 887 955 926 hoc
967 886 1098 933 etiam,
1107 885 1212 938 quod

156 955 398 1007 Exspectata
413 954 484 991 tibi
502 963 582 991 non
599 953 750 990 mittam
769 951 940 990 carmina
955 951 1137 990 mendax.
1235 937 1240 942 '

154 1020 311 1059 Luculli
328 1019 439 1056 miles
458 1018 625 1056 collecta
640 1017 781 1055 viatica
797 1016 928 1054 multis

157 1084 382 1130 Aerumnis,
408 1082 641 1130 lassusvdum
660 1089 781 1121 noctu
798 1081 940 1127 stertit,
969 1080 1020 1119 ad
1036 1093 1161 1119 assem

156 1149 411 1188 Perdiderat:
438 1154 527 1198 post
544 1146 621 1185 hoc
639 1146 847 1184 vehemens
865 1145 992 1198 lupu8‚
1020 1153 1061 1185 et
1077 1145 1152 1184 sibi
1169 1151 1212 1185 et

362 1212 465 1250 hosti

154 1280 281 1318 Iratus
298 1278 455 1330 pariter,
478 1277 621 1331 jejunis
635 1276 817 1314 dentibus
835 1288 939 1322 acer,

153 1343 394 1383 Praesidium
412 1341 543 1392 regale
561 1341 650 1378 loco
669 1341 825 1391 dejecit,
845 1347 889 1378 ut
905 1340 1028 1388 aiunt,

156 1410 313 1447 Summe
330 1406 494 1452 munito,
522 1412 562 1443 et
585 1404 791 1443 multarum
809 1404 929 1442 divite
948 1417 1090 1443 rerum.

153 1474 289 1512 Clarus
308 1472 357 1509 ob
377 1471 417 1508 id
433 1470 593 1516 factum,
612 1469 723 1517 donis
742 1476 901 1508 ornatur
918 1468 1115 1514 honestis;

154 1537 314 1588 Accipit
332 1543 373 1574 et
389 1535 449 1573 bis
467 1535 568 1572 dena
584 1547 700 1585 super
718 1533 894 1572 sestertia
912 1534 1131 1572 nummum.

153 1603 270 1641 Forte
283 1602 352 1639 sub
364 1601 442 1639 hoc
455 1608 609 1651 tempus
621 1599 821 1637 castellum
832 1606 1023 1646 evertere,
1038 1606 1211 1651 praetor,
1259 1645 1263 1651 ,

154 1668 300 1707 Nescio
320 1666 425 1718 quod
443 1665 617 1716 cupiens,
631 1664 791 1702 ⁴hortari
810 1664 940 1716 coepit
958 1664 1125 1703 eundem

154 1732 309 1778 Verbis,
329 1744 428 1783 quae
447 1729 583 1769 timido
598 1742 752 1781 quoque
767 1735 926 1781 possent
943 1729 1087 1774 addere
1103 1741 1212 1767 men-

362 1802 441 1833 tem
457 1810 468 1833 ι

154 1862 190 1908 Ι,
207 1863 326 1907 bone,
346 1873 422 1911 quo
440 1861 562 1897 virtus
587 1867 655 1898 tua
673 1867 714 1898 te
732 1866 869 1903 vocat;
895 1858 908 1895 i
925 1857 1026 1908 pede
1040 1856 1186 1905 fausto,

154 1926 330 1965 Grandia
346 1926 492 1963 laturus
510 1925 734 1962 meritorum
754 1923 945 1974 praemia:
965 1921 1059 1973 quid
1076 1929 1154 1960 stas
1169 1922 1185 1960 ἓ

155 1991 251 2030 Post
267 1991 365 2028 haec
383 1989 448 2027 ille
467 1996 589 2036 catus,
609 1988 853 2040 quantumvis
871 1987 1052 2033 rusticus,
1081 1986 1181 2034 Ibit,>

154 2056 233 2094 Ibit
252 2068 312 2106 eo,
333 2067 410 2106 quo
427 2055 497 2100 vis,
527 2054 592 2104 qui
611 2066 749 2090 zonam
767 2051 949 2103 perdidit,
979 2050 1122 2102 inquit.·

156 2120 306 2159 Romae
323 2118 461 2158 nutriri
479 2118 574 2156 mihi
592 2117 769 2168 contigit,
788 2124 904 2168 atque
923 2115 1055 2154 doceri
