1378 2534
158 232 239 270 112
371 227 775 269 EPISTOLARUM
827 230 860 269 1.
912 232 992 271 xvi.
1089 203 1217 275 §.aa

162 341 379 379 Stultorum
399 340 577 378 incurata
594 341 719 391 pudor
733 341 855 380 malus
873 342 1005 381 ulcera
1023 343 1138 383 celat.

162 407 203 445 Si
223 406 308 458 quis
326 405 427 443 bella
446 405 515 443 tibi
534 413 638 443 terra
656 413 827 456 pugnata
845 407 1018 459 marique

158 471 292 517 Dicat,
312 478 352 509 et
370 471 430 508 his
447 470 575 507 verbis
592 482 734 507 vacuas
752 471 992 521 permulceat
1009 485 1145 511 aures:

159 542 172 560 ⁴
189 536 298 574 Tene
311 536 432 586 magis
445 535 591 573 salvum
603 535 769 586 populus
781 535 888 582 velit,
896 549 945 574 an
957 537 1143 588 populum
1155 545 1214 586 tu,

159 605 172 624 ⁸
189 600 327 639 Servet
345 600 384 636 in
404 599 600 650 ambiguo,
620 599 685 649 qui
705 599 872 637 consulit
890 606 931 638 et
948 600 1018 638 tibi
1037 609 1078 639 et
1096 602 1196 650 urbi,

159 672 172 690 ‘
185 665 342 716 Jupiter
356 665 380 709 ;’
410 663 580 714 Augusti
599 663 733 701 laudes
752 676 965 714 agnoscere
983 666 1118 717 possis.

157 732 259 770 Cum
277 729 421 782 pateris
440 728 594 779 sapiens
612 729 917 780 emendatusque
940 731 1086 778 vocari,

157 794 437 847 Respondesne
457 801 540 839 tuo,
559 793 622 830 dic
641 793 768 840 sodes,
787 794 972 833 nomine?
1007 795 1163 847 Nempe

157 862 229 899 Vir
245 862 371 899 bonus
390 866 430 896 et
448 858 618 910 prudens
636 858 713 895 dici
732 858 908 897 delector
925 872 1014 910 ego,
1039 873 1085 899 ac
1104 868 1162 899 tu:

156 926 233 968 Qui
253 924 361 963 dedit
380 923 456 961 hoc
474 922 604 969 hodie,
624 935 722 968 craS‚
741 923 772 960 si
790 923 909 970 volet,
927 924 1101 970 auferet;
1119 933 1163 964 ut
1180 927 1212 965 si

154 988 354 1028 Detulerit
372 987 496 1025 fasces
516 986 689 1037 indigno,
709 987 891 1026 detrahet
914 988 1031 1027 idem.

153 1054 279 1101 Pone,
299 1066 428 1092 meum
447 1059 529 1096 est3
547 1052 694 1103 inquit:
714 1065 832 1103 pono,
844 1053 1043 1105 tristisque
1055 1055 1215 1094 recedo.

153 1119 266 1157 Idem
286 1118 317 1156 si
337 1117 478 1156 clamet
496 1116 636 1169 furem,
651 1124 769 1167 neget
789 1129 874 1155 esse
892 1117 1093 1168 pudicum,

154 1183 379 1223 Contendat
397 1183 536 1233 laqueo
556 1181 699 1220 collum
717 1181 900 1232 pressisse
918 1190 1137 1233 paternum,

153 1249 343 1288 Mordeat
361 1247 577 1300 opprobriis
595 1246 715 1293 falsis,
734 1254 959 1298 mutemque
977 1248 1158 1288 colores?

152 1314 286 1352 Falsus
304 1314 429 1351 honor
443 1314 567 1362 juvat,
596 1317 636 1348 et
655 1310 825 1348 mendax
844 1311 1002 1350 infamia
1018 1319 1142 1351 terret

152 1380 295 1425 Quem,
314 1377 387 1415 nisi
406 1375 634 1416 mendosum
653 1383 693 1414 et
710 1375 967 1414 mendacem?
990 1369 1067 1414 'Vir
1084 1378 1210 1417 bonus

359 1449 419 1480 est
438 1441 550 1492 quis?

151 1508 230 1552 Qui
249 1507 426 1546 consulta
442 1513 609 1557 patrum,
629 1505 694 1556 qui
712 1505 820 1556 leges
834 1507 1000 1558 juraque
1018 1515 1169 1554 servan

152 1576 241 1617 Quo
260 1573 405 1610 multae
424 1583 666 1622 magnaeque
685 1578 868 1608 secantur
881 1564 1015 1621 judice
1033 1572 1140 1618 lites;

151 1641 240 1682 Quo
258 1651 320 1676 res
339 1649 538 1688 sponsore,
554 1643 594 1673 et
612 1649 688 1686 quo
707 1648 846 1674 causae
865 1643 966 1675 teste
984 1644 1179 1676 tenentur.

151 1705 231 1742 Sed
247 1703 354 1741 videt
373 1702 478 1739 hunc
497 1689 620 1738 omnis
639 1701 790 1747 domus,
809 1708 849 1739 et
866 1701 1008 1740 vicinia
1025 1709 1122 1750 tota,

149 1769 345 1806 Introrsus
363 1774 531 1817 turpem,
551 1765 769 1816 speciosum
787 1766 890 1816 pelle
908 1765 1063 1804 decora.

149 1833 237 1870 Nec
254 1831 401 1870 furtum
421 1825 511 1876 feci,
530 1843 605 1868 nec
622 1829 720 1881 fugi,
748 1830 778 1867 si
797 1830 891 1867 mihi
910 1830 1015 1868 dicat

150 1898 315 1940 Servus;
343 1895 478 1933 Habes
497 1895 680 1946 pretium,
698 1894 790 1932 loris
809 1907 888 1932 non
905 1894 1042 1942 ureris,
1060 1895 1135 1934 aio.

148 1962 242 2000 Non
253 1960 450 1999 hominem
463 1960 608 1998 occidi:
625 1960 714 1998 Non
726 1971 861 2010 pasces
873 1958 912 1995 in
925 1971 1043 1998 cruce
1055 1973 1204 2002 corvos.

150 2026 246 2065 Sum
259 2025 384 2063 bonus
396 2032 437 2063 et
446 2024 550 2075 frugi
564 2038 574 2060 :
595 2023 743 2062 Renuit
761 2022 988 2074 negitatque
1004 2023 1179 2063 Sabellus
1191 2039 1204 2063 ε

150 2093 298 2131 Cautus
317 2090 420 2129 enim
438 2089 578 2126 metuit
596 2088 747 2126 foveam
766 2087 894 2139 lupus,
913 2088 1178 2141 accipiterque

152 2157 361 2208 Suspectos
378 2155 553 2206 laqueos,
569 2161 609 2193 et
626 2160 806 2205 opertum
823 2153 964 2193 miliius
981 2153 1152 2192 hamum.
