1378 2534
176 302 294 340 vau·-
462 293 782 337 SERMONUM
834 295 868 333 Ι.
920 295 945 333 i.
1204 296 1229 333 3

179 410 250 456 At,
268 407 309 446 ni
326 407 367 446 id
382 406 440 454 fit,
460 406 553 459 quid
563 406 681 444 habet
698 405 851 458 pulchri
862 411 1110 444 constructus
1122 415 1229 442 acer-

177 472 305 511 Millia
319 471 503 510 frumenti
521 477 590 509 tua
602 470 752 508 triverit
765 483 856 508 area
867 476 1024 508 centum
1039 482 1050 513 ;
1106 468 1227 519 [vus3

178 537 269 576 Non
287 544 376 575 tuus
394 535 472 574 hoc
490 534 619 586 capiet
638 541 774 572 venter
791 534 877 585 plus
895 547 942 572 ac
960 546 1086 572 meus:
1105 533 1162 579 ut,
1181 532 1214 570 si

177 600 403 640 Reticulum
420 600 529 651 panis
547 599 700 638 venales
719 599 819 637 inter
836 605 975 636 onusto

177 664 295 703 Forte
312 664 431 703 vehas
448 664 624 711 humero,
642 663 763 701 nihilo
781 663 873 715 plus
885 662 1066 714 accipias,
1090 674 1205 713 quam

176 728 254 771 Qui
273 728 328 766 nil
346 728 522 779 portarit.
550 727 623 766 Vel
643 728 720 775 dic,
740 728 833 780 quid
851 727 994 765 referat
1012 726 1113 764 intra

179 792 354 832 Naturae
371 792 643 840 fines-viventi,
657 794 798 844 jugera
816 800 986 839 centum,
1010 804 1060 829 an

176 857 305 904 Mille,
316 858 420 896 aret?
439 858 495 895 At
509 869 624 895 suave
637 864 697 895 est
711 870 762 895 ex
773 870 914 908 magno
928 856 1065 895 tollere
1079 868 1230 895 acervo.

175 920 284 960 Dum
297 934 347 959 ex
360 934 478 972 parvo
492 920 603 958 nobis
615 921 845 959 tantundem
856 920 1010 959 haurire
1022 920 1231 972 relinquas,

178 985 259 1023 Cur
277 993 344 1023 tua
360 985 447 1036 plus
464 985 597 1024 laudes
616 985 782 1023 cumeris
801 985 980 1036 granaria
996 984 1166 1024 nostris?

178 1048 250 1095 Ut,
269 1048 341 1086 tibi
359 1049 392 1085 si
410 1049 459 1086 sit
477 1062 574 1099 opus
591 1049 725 1100 liquidi
743 1062 822 1086 non
840 1049 1000 1100 amplius
1019 1062 1128 1094 urna,

182 1112 255 1149 Vel
274 1112 441 1162 cyatho;
468 1125 513 1150 ac
532 1113 653 1160 dicas,
673 1113 820 1163 Magno
839 1113 888 1151 de
905 1113 1065 1151 flumine
1086 1112 1231 1158 malim,

181 1175 306 1217 Quam
319 1188 370 1213 ex
383 1175 459 1214 hoc
470 1175 673 1223 fonticulo,
686 1176 913 1215 tantundem
924 1189 1087 1215 sumere.
1101 1176 1162 1215 Eo
1173 1177 1232 1224 fit,

181 1237 338 1277 Plenior
357 1245 400 1276 ut
417 1239 450 1277 si
474 1253 569 1290 quos
588 1240 759 1281 delectet
777 1241 890 1292 copia
903 1243 1024 1292 justo,

180 1302 281 1341 Cum
298 1302 382 1354 ripa
398 1303 511 1341 simul
529 1303 680 1343 avulsos
697 1304 796 1342 ferat
815 1305 981 1343 Aufidus
994 1318 1096 1344 acer.
1142 1307 1231 1356 [mo
1298 1344 1312 1351 ,

181 1367 252 1413 At,
270 1367 337 1418 qui
354 1367 493 1406 tantuli
511 1376 616 1419 eget,
635 1375 779 1420 quanto
791 1376 851 1408 est
862 1382 972 1421 opus,
992 1370 1023 1408 is
1041 1383 1168 1421 neque
1185 1371 1229 1409 li-

180 1430 390 1470 Turbatam
407 1432 536 1471 haurit
553 1444 707 1484 aquam,
725 1446 852 1485 neque
868 1434 988 1472 vitam
1005 1434 1148 1474 amittit
1163 1435 1206 1473 in

383 1496 510 1534 undis.

180 1559 238 1598 At
249 1559 352 1598 bona
370 1573 458 1612 pars
475 1560 688 1608 hominum,
708 1561 875 1613 decepta
892 1562 1075 1614 cupidine
1092 1562 1204 1610 falso,

180 1622 247 1660 Nil
258 1624 348 1662 satis
360 1630 432 1671 est,
444 1624 583 1676 inquit,
592 1625 682 1676 quia
688 1625 800 1672 tanti,
808 1633 994 1677 quantum
1005 1627 1161 1674 habeas,
1167 1627 1231 1666 sis.

181 1685 286 1729 Quid
301 1687 421 1726 facias
439 1688 493 1726 illi
509 1689 523 1727 ἓ
550 1688 698 1728 ,Iubeas
723 1690 904 1728 miserum
923 1702 1007 1728 esse
1023 1691 1204 1737 libenter,

180 1752 383 1794 Quatenus
400 1753 441 1790 id
454 1752 562 1791 facit:
583 1761 626 1792 ut
640 1754 796 1805 quidam
809 1762 1044 1793 memoratur
1063 1755 1231 1795 Athenis

183 1816 369 1856 Sordidus
386 1830 434 1857 ac
452 1818 572 1864 dives,
597 1818 729 1870 populi
747 1826 995 1858 contemnere
1013 1833 1130 1859 voces

181 1880 246 1920 Sic
265 1882 423 1920 solitus:
451 1882 624 1934 Populus
643 1895 705 1921 me
724 1883 872 1929 sibilat3
897 1891 939 1922 at
951 1884 1045 1922 mihi
1062 1885 1205 1937 plaudo

179 1945 269 1996 Ipse
288 1945 406 1992 domi,
425 1946 538 1985 simul
557 1959 603 1985 ac
621 1960 797 1986 nummos
812 1949 1055 2001 contemplor
1071 1951 1111 1989 in
1129 1963 1231 1990 arca.

185 2008 369 2048 Tantalus
387 2023 410 2049 a
427 2010 543 2049 labris
561 2012 693 2050 sitiens
710 2012 900 2064 fugientia
917 2022 1048 2066 captat

182 2071 368 2112 Flumina.
394 2075 499 2118 Quid
516 2076 644 2115 rides?
672 2084 822 2116 mutato
840 2078 1009 2125 nomine,
1027 2079 1077 2118 de
1096 2087 1135 2117 te

182 2134 327 2189 Fabula
344 2146 519 2177 narratur
532 2153 544 2177 ε
572 2141 765 2192 congestis
791 2142 961 2193 undique
978 2144 1104 2180 saccis

182 2198 372 2240 Indormis
391 2203 555 2252 inhians,
572 2212 614 2244 et
631 2212 815 2257 tanquam
832 2217 992 2258 parcere
1009 2207 1130 2245 sacris

234 2264 299 2303 To
307 2279 351 2304 M.
386 2267 442 2307 11.
710 2271 753 2309 A
783 2273 808 2308 2
