1378 2534
198 227 247 264 98
430 219 834 284 EPISTOLARUM
885 221 919 260 Ι.
970 220 1035 260 vii.
1137 226 1257 265 v.43.

201 333 355 381 Atride,
376 333 496 384 magis
514 340 604 385 apta
621 331 706 379 tibi,
724 338 793 370 tua
811 332 914 371 dona
930 330 1159 384 relinquam.

201 399 367 438 Parvum
385 411 503 450 parva
517 399 684 436 decent:
703 396 797 434 mihi
805 398 886 448 jam
899 409 979 436 non
990 396 1098 448 regia
1115 396 1255 445 Roma,

202 465 281 503 Sed
299 477 464 503 vacuum
479 463 602 501 Tibur
620 462 763 513 placet,
781 467 849 500 aut
862 461 1016 500 imbelle
1030 460 1257 501 Tarentum.

203 529 406 575 Strenuus,
425 535 466 566 et
483 527 608 575 fortis,
624 527 841 578 causisque,
859 525 1077 578 Philippus,
1095 525 1258 578 agendis

201 595 352 640 Clarus,
381 594 429 631 ab
449 593 582 632 officiis
599 599 777 631 octavam
795 591 951 630 circiter
967 591 1103 631 horam

200 657 307 696 Dum
327 657 442 704 redit,
470 663 588 708 atque
606 655 691 694 foro
710 654 870 693 nimium
889 654 1031 694 distare
1051 655 1227 704 Carinas,

199 723 287 761 Jam
307 721 463 773 grandis
483 729 591 768 natu,
610 721 799 773 queritur,
829 719 1048 771 conspexit,
1066 727 1110 759 ut
1123 720 1248 769 aiunt,

200 789 395 827 Adrasum
414 787 621 839 quendam,
640 799 763 824 vacua
780 785 948 824 tonsoris
965 785 1006 823 in
1023 786 1175 834 umbra,

199 854 369 892 Cultello
387 853 563 905 proprios
581 858 812 904 purgantem
829 851 971 889 leniter
990 864 1152 903 ungues.

198 917 394 965 Demetri,
419 917 537 969 (puer
556 917 620 955 hic
635 930 712 955 non
730 916 839 955 laeve
853 917 960 967 jussa
978 915 1148 968 Philippi

199 982 458 1035 Accipiebat)
470 981 547 1028 abi,
560 988 767 1033 quaere,et
780 980 896 1028 refer,
903 981 1007 1019 unde
1019 980 1150 1028 domo,
1158 980 1258 1034 quis,

200 1050 322 1100 Cujus
339 1047 535 1093 fortunae,
565 1060 643 1097 quo
661 1046 711 1084 sit
729 1052 854 1097 patre,
883 1058 1008 1097 quove
1026 1051 1206 1097 patrono.

199 1115 251 1161 It,
271 1113 386 1160 redit,
406 1119 447 1150 et
466 1119 610 1158 narrat,
639 1111 841 1150 Vulteium
858 1110 1015 1149 nomine
1034 1110 1211 1158 Menam,

201 1179 457 1223 Praeconem,
476 1177 586 1216 tenui
605 1189 740 1223 censu,
759 1176 842 1214 sine
861 1175 1022 1214 crimine
1040 1181 1202 1221 notum;

201 1245 254 1282 Et
273 1254 482 1295 properare
502 1241 604 1287 loco,
619 1249 660 1278 et
674 1253 841 1287 cessare,
860 1246 901 1278 et
912 1252 1114 1291 quaerere,
1126 1247 1166 1278 et
1185 1240 1259 1290 uti,

201 1309 450 1347 Gaudentem
469 1305 675 1357 parvisque
694 1304 904 1351 sodalibus,
932 1311 974 1342 et
989 1304 1072 1342 lare
1090 1311 1214 1353 certo,

199 1377 253 1414 Et
270 1374 386 1420 ludis,
414 1379 468 1418 et,
496 1378 584 1422 post
603 1370 734 1408 decisa
752 1369 924 1420 negotia,
943 1368 1105 1420 Campo.

201 1438 341 1479 Scitari
359 1437 456 1475 libet
474 1449 525 1474 ex
545 1435 643 1486 ipso,
672 1433 933 1484 quodcunque
952 1433 1100 1472 refers:
1127 1432 1193 1472 dic

200 1505 267 1544 Ad
287 1515 448 1542 coenam
466 1499 610 1538 veniat.
638 1498 730 1536 Non
749 1511 842 1535 sane
862 1497 1024 1536 credere
1043 1497 1215 1537 Maena:

199 1568 338 1609 Mirari
358 1579 492 1605 secum
510 1564 666 1603 tacitus.
695 1563 802 1605 Quid
820 1563 972 1602 multa?
1002 1562 1194 1615 Benigne,

200 1633 444 1686 Respondet.
460 1629 591 1681 Neget
602 1628 666 1667 ille
679 1627 789 1666 mihi?
801 1628 931 1680 Negat
943 1627 1156 1680 improbm,
1164 1635 1204 1668 et
1215 1635 1258 1668 te

199 1698 392 1750 Negligit,
412 1702 479 1734 aut
497 1694 642 1732 horret.
671 1691 873 1730 Vulteium
890 1705 1004 1731 mane
1023 1691 1240 1745 Philippus,

199 1764 304 1802 Vilia
321 1760 558 1799 vendentem
572 1757 756 1797 ,tunicato
775 1763 906 1796 scruta
918 1756 1090 1808 popello,

202 1829 399 1878 Occupat,
419 1832 459 1863 et
478 1824 625 1862 salvere
641 1823 756 1873 jubet
773 1822 890 1873 prior.
916 1821 988 1860 Ille
1007 1819 1188 1873 Philippo

201 1893 404 1932 Excusare
422 1890 611 1935 laborem,
639 1895 680 1926 et
698 1886 940 1926 mercenaria
955 1885 1096 1932 vincla,

202 1961 319 2005 Quod
337 1973 416 1997 non
434 1971 548 1996 mane
568 1958 726 1996 domum
744 1955 936 1998 venisset;
963 1953 1134 2004 denique
1153 1953 1259 2005 quod

200 2026 438 2066 Providisset
457 2037 559 2062 eum.
590 2023 655 2061 Sic
674 2021 866 2073 ignovisse
885 2027 1020 2072 putato
1155 2021 1258 2070 [non

201 2094 272 2131 Me
291 2091 377 2137 tibi,
397 2089 428 2128 si
447 2101 590 2127 coenas
608 2086 724 2125 hodie
743 2098 911 2124 mecum.
939 2084 996 2124 Ut
1013 2083 1121 2122 libet.
1148 2083 1256 2135 Ergo

201 2158 296 2196 Post
314 2168 455 2196 nonam
474 2153 629 2192 venies:
657 2164 761 2190 nunc
780 2151 807 2199 i,
827 2159 910 2188 rem
928 2156 1109 2189 strenuus
1127 2160 1242 2199 auge.
