1378 2534
181 253 235 290 32
459 248 782 288 SERMONUM
834 249 869 287 Ι.
919 249 997 288 viii.
1129 263 1166 290 v.
1183 253 1247 292 23.

179 360 272 399 Vidi
292 367 448 411 egomet
466 360 578 411 nigra
595 360 835 398 succinctam
852 359 994 398 vadere
1013 361 1116 413 palla

181 425 398 471 Canidiam,
417 425 582 476 pedibus
600 424 728 472 nudis,
747 438 938 477 passoque
957 426 1111 478 capillo,

180 492 282 530 Cum
302 490 454 542 Sagana
472 492 632 540 majore,
653 490 878 528 ululantem.
903 489 1034 535 Rallor
1053 498 1237 544 utrasque

178 555 345 594 Fecerat
363 555 575 593 horrendas
594 555 805 606 adspectu:
833 555 1009 606 scalpere
1027 562 1171 594 terram

178 621 403 672 Unguibus,
423 627 463 658 et
481 619 626 671 pullam
647 619 832 658 divellere
851 620 1047 659 mordicus
1065 634 1219 672 agnam,

178 687 431 737 Coeperunt:
465 698 580 723 cruor
599 684 638 721 in
656 685 797 722 fossam
817 684 1015 732 confusus,
1034 692 1079 724 ut
1096 686 1188 724 inde

178 752 320 790 Manes
340 751 542 796 elicerent,
562 750 708 787 animas
727 763 911 801 responsa
928 751 1097 789 daturas.

176 816 314 855 Lanea
332 822 373 853 et
391 815 536 866 effigies
555 821 652 860 erat,
671 814 795 852 altera
813 827 949 853 cerea:
977 817 1101 866 major

176 881 325 926 Lanea,
345 892 444 931 quae
463 879 598 930 poenis
618 886 887 929 compesceret
905 879 1140 918 inferiorem.

177 947 304 985 Cerea
321 944 549 996 suppliciter
567 944 707 990 stabat,
726 943 929 982 servilibus
947 951 993 982 ut
1010 957 1110 997 quae

173 1011 201 1051 J
203 1025 264 1050 am
281 1010 454 1062 peritura
466 1009 601 1047 modis.
622 1009 801 1047 Hecaten
814 1016 929 1047 vocat
939 1009 1075 1056 altera,
1082 1022 1236 1050 saevam

175 1076 316 1114 Altera
334 1075 598 1125 Tisiphonen:
627 1080 828 1124 serpentes
846 1081 965 1126 atque
983 1073 1136 1113 videres

174 1141 351 1179 Infernas
370 1152 500 1177 errare
521 1152 659 1182 canes:
686 1138 894 1190 lunamque
913 1139 1133 1187 rubentem,

174 1206 238 1245 Ne
257 1206 358 1244 foret
376 1205 436 1241 his
454 1205 579 1250 testis,
613 1211 703 1255 post
721 1216 862 1254 magna
878 1204 1000 1242 latere
1018 1205 1209 1255 sepulcra.

173 1271 350 1311 Mentior
367 1277 408 1307 at
426 1269 457 1306 si
477 1269 584 1320 quid,
604 1269 746 1306 merdis
764 1276 883 1319 caput
901 1269 1081 1320 inquiner
1099 1269 1196 1308 albis

174 1338 402 1386 Corvorum;
417 1340 535 1384 atque
548 1334 588 1371 in
602 1347 664 1371 me
676 1333 806 1371 veniat
817 1333 979 1370 mictum
991 1340 1111 1385 atque
1121 1346 1234 1374 caca·

171 1402 315 1447 Julius,
334 1407 374 1438 et
391 1399 538 1450 fragilis
559 1398 748 1444 Pediatia,
766 1397 906 1450 furque
923 1398 1111 1437 Vol-anus-
1125 1402 1233 1451 [tum

172 1465 337 1516 Singula
355 1463 449 1516 quid
479 1463 715 1501 memorem?
747 1476 825 1514 quo
851 1469 969 1514 pacto
995 1463 1145 1502 alterna
1175 1465 1232 1504 lo-

381 1536 544 1581 quentes

173 1598 346 1636 Umbrae
364 1608 453 1633 cum
469 1593 622 1644 Sagana
637 1594 853 1632 resonarint
865 1594 977 1632 triste
991 1602 1034 1633 et
1050 1595 1231 1636 acutum!

141 1650 144 1654 A
173 1663 306 1713 thue
325 1659 407 1711 lupi
425 1660 584 1697 barbam
602 1658 730 1696 variae
749 1671 839 1696 cum
857 1658 976 1696 dente
992 1659 1181 1698 *colubrae

171 1725 409 1764 Abdiderint
426 1723 559 1762 furtim
578 1723 690 1762 terris
705 1723 719 1760 ?
749 1730 790 1760 et
808 1723 976 1774 imagine
995 1736 1112 1762 cerea

169 1792 335 1842 Largior
353 1789 490 1827 arserit
509 1788 607 1839 ignis
622 1788 636 1826 ἓ
666 1795 707 1825 et
725 1795 769 1826 ut
787 1801 866 1826 non
885 1788 995 1826 testis
1012 1788 1163 1827 inultus.
1206 1840 1209 1843 ι

169 1854 403 1895 Horruerim
421 1865 537 1890 voces
557 1852 758 1889 Furiarum
777 1858 818 1889 et
834 1851 940 1890 facta
957 1851 1149 1890 duarum?

167 1922 284 1966 Nam,
303 1918 471 1969 displosa
488 1924 599 1954 sonat
617 1924 804 1967 quantum
822 1915 963 1962 vesica,
981 1917 1125 1967 pepedi

167 1985 324 2024 Diffissa
341 1990 430 2020 nate
448 1981 569 2019 ficus:
599 1988 639 2018 at
658 1980 745 2025 illae
763 1993 920 2027 currere
940 1980 980 2017 in
998 1981 1148 2019 urbem.

171 2049 356 2089 Canidiae
375 2047 526 2091 dentes,
546 2045 665 2083 altum
687 2044 860 2096 Saganae
884 2044 1124 2083 caliendrum

170 2114 382 2159 Excidere,
412 2119 530 2162 atque
548 2110 702 2157 herbas,
721 2118 838 2162 atque
857 2109 1055 2148 incantata
1071 2110 1230 2150 lacertis

171 2179 351 2226 Vincula,
371 2190 461 2216 cum
479 2189 619 2227 magno
637 2175 793 2227 risuque
807 2176 978 2227 jocoque
996 2174 1159 2216 videres.
