1378 2534
183 236 235 273 86
414 229 817 271 EPISTOLARUM
866 231 900 270 Ι.
953 231 980 271 i.
1056 256 1061 260 -
1116 246 1157 274 v.
1170 236 1237 278 70.

182 344 298 387 Quod
316 344 346 382 si
365 355 428 382 me
445 342 610 395 populus
629 341 828 381 Romanus
845 342 948 382 forte
965 350 1094 395 roget,
1121 356 1194 383 eur

181 409 286 456 Non,
305 416 349 447 ut
366 408 594 460 porticibus,
612 408 667 446 sic
677 408 837 458 judiciis
852 408 959 446 fruar
977 409 1115 456 isdem,

180 474 267 512 Nec
285 486 424 525 sequar
441 480 509 511 aut
519 472 680 524 fugiam,
699 485 799 524 quae
817 472 944 525 diligit
957 473 1040 525 ipse
1051 473 1115 512 vel
1132 473 1233 520 odit3

180 540 285 578 Olim
304 538 408 590 quod
426 538 561 589 vulpes
579 544 740 588 aegroto
759 544 875 576 cauta
890 538 995 577 leoni

179 604 411 655 Respondit,
429 602 617 641 referam:
645 602 748 645 Quia
765 615 828 641 me
845 603 1009 654 vestigia
1026 610 1178 642 terrent

179 669 322 706 Omnia
339 675 379 705 te
397 668 600 705 adversum
619 668 849 719 spectantia,
867 667 975 706 nulla
991 674 1216 707 retrorsum.

177 734 316 773 Bellua
326 732 535 771 multorum
553 745 596 771 es
614 732 810 784 capitum:
836 745 927 771 nam
948 732 1042 784 quid
1059 744 1215 785 sequar,

382 804 450 836 aut
469 798 612 848 quem?

175 864 270 902 Pars
285 863 484 901 hominum
498 862 617 912 gestit
629 861 850 900 conducere
861 861 1034 913 publica:
1048 861 1229 914 sunt‚qui

176 928 325 967 crustis
343 933 384 965 et
402 926 526 978 pomis
543 925 677 964 viduas
695 933 886 964 venentur
903 938 1050 974 avaras,

175 992 464 1043 Excipiamque
481 1003 608 1036 senes,
628 1003 725 1041 quos
742 991 783 1028 in
800 990 946 1029 vivaria
961 990 1117 1030 mittant
1128 1005 1141 1029 :

174 1056 312 1094 Multis
331 1055 486 1094 occulto
505 1054 647 1093 crescit
665 1067 726 1093 res
744 1054 892 1102 fenore.
920 1054 1070 1094 Verum

174 1122 270 1159 Esto
289 1121 373 1159 aliis
391 1120 485 1159 alios
504 1120 620 1158 rebus
638 1119 854 1171 studiisque
872 1120 999 1159 teneri
1018 1134 1030 1158 ι

173 1187 297 1225 Iidem
315 1185 451 1225 eadem
469 1191 632 1236 possunt
649 1184 785 1222 horam
802 1184 943 1223 durare
960 1185 1200 1236 probantes?

173 1252 314 1290 Nullus
333 1251 372 1288 in
391 1250 485 1289 orbe
499 1249 604 1286 sinus
623 1247 948 1300 Baiisfpraelucet
966 1250 1154 1298 amoenis,

175 1317 215 1354 Si
235 1315 334 1354 dixit
353 1315 480 1358 dives;
507 1314 631 1360 lacus,
649 1319 689 1352 et
703 1326 810 1351 mare
828 1313 948 1352 sentit
966 1326 1140 1352 amorem

173 1380 406 1419 Festinantis
425 1379 532 1418 heri:
561 1379 625 1417 cui
643 1379 675 1417 si
693 1379 832 1417 vitiosa
850 1378 978 1418 libido

171 1446 326 1490 Fecerit
343 1444 574 1495 auspicium,
599 1456 684 1481 cras
702 1443 941 1481 ferramenta
959 1443 1136 1483 Teanum

170 1511 346 1556 Tolletis,
365 1509 476 1548 fabri.
502 1509 650 1547 Lectus
668 1509 831 1560 genialis
849 1509 889 1546 in
908 1509 997 1548 aula
1015 1511 1105 1549 est?

170 1577 238 1615 Nil
256 1576 310 1614 ait
328 1587 412 1614 esse
430 1575 549 1626 prius,
577 1574 714 1612 melius
732 1574 786 1612 nil
805 1574 954 1613 caelibe
972 1575 1054 1613 vita
1065 1589 1078 1613 z

172 1641 212 1679 Si
231 1654 308 1679 non
327 1646 399 1686 est,
423 1641 530 1693 jurat
547 1639 648 1676 bene
667 1638 759 1676 solis
775 1651 860 1676 esse
879 1639 1040 1678 maritis.

169 1707 258 1749 Quo
275 1713 428 1744 teneam
441 1704 571 1742 vultus
589 1710 804 1742 mutantem
826 1703 970 1742 Protea
987 1705 1120 1743 nodo?

169 1770 274 1813 Quid
291 1769 463 1820 pauper?
484 1768 589 1806 ride:
616 1775 740 1807 mutat
759 1769 983 1815 coenacula,
1002 1769 1140 1816 lectos,

168 1835 327 1880 Balnea,
346 1841 543 1877 tonsores;
571 1834 766 1872 conducto
785 1833 939 1884 navigio
955 1845 1080 1887 aeque

167 1900 354 1944 Nauseat‚
373 1911 419 1936 ac
437 1898 621 1949 locupleS,
641 1911 759 1949 quem
781 1898 889 1936 ducit
907 1897 1015 1949 priva
1033 1897 1211 1937 trIremis.

169 1964 210 2002 Si
230 1970 384 2003 curatus
404 1963 594 2014 inaequali
614 1970 770 2001 tonsore
789 1961 950 2013 capillos

167 2028 347 2073 Occurri,
366 2027 467 2065 rides
482 2041 492 2064 ι
520 2027 551 2064 si
569 2028 670 2065 forte
685 2026 872 2065 subucula
889 2039 1014 2077 pexae

167 2093 276 2130 Trita
292 2092 423 2129 subest
441 2091 609 2137 tunicae,
628 2091 689 2128 vel
707 2090 738 2128 si
757 2097 850 2141 toga
867 2090 1026 2128 dissidet
1043 2089 1180 2142 impar,

167 2157 300 2196 Rides.
326 2156 445 2203 Quid,
463 2168 550 2196 mea
568 2169 656 2194 cum
675 2162 825 2207 pugnat
849 2154 1042 2195 sententia
1057 2167 1191 2211 secum
1204 2169 1220 2206 5
