1378 2534
89 241 128 267 v.
145 230 182 268 1.
301 214 706 267 musa-omnum
755 225 791 264 1.
842 238 911 264 xx.
1069 227 1148 264 123
1221 238 1227 242 -

454 453 627 494 EPIST.
679 454 769 492 XX.

410 570 470 597 AD
498 570 668 598 unum(
696 569 825 597 SUUU·

94 661 377 701 Vni-nimum
405 662 642 714 Jamque,
660 661 771 708 liber,
789 669 968 713 spectare
983 659 1145 710 ,videris3

94 726 255 765 Scilicet
272 733 316 765 ut
333 734 483 779 prostes
502 726 699 766 Sosiorum
716 726 872 777 pumice
888 725 1069 764 mundus.

92 790 224 829 Odisti
240 791 381 838 claves,
398 799 440 830 et
456 799 567 843 grata
582 791 708 842 sigilla
724 791 893 842 pudico:

90 854 232 894 Paucis
247 854 399 895 ostendi
417 855 554 906 gemis,
571 862 613 893 et
630 855 852 894 communis
868 855 1015 902 laudas,

93 919 185 958 Non
202 920 258 958 ita
273 920 452 958 nutritus.
479 919 588 971 Fuge
606 933 685 971 quo
703 919 943 958 descendere
960 919 1080 971 gestis
1093 933 1105 957 ι

93 983 185 1022 Non
203 984 278 1022 erit
294 984 434 1022 emisso
452 984 600 1023 reditus
618 985 701 1022 tibi.
729 984 835 1027 Quid
852 984 968 1023 miser
985 984 1050 1036 egi
1068 985 1084 1023 ὲ

95 1048 202 1091 Quid
218 1049 321 1086 volui
339 1049 354 1086 ἓ
384 1048 512 1092 dices;
538 1049 604 1086 ubi
623 1048 717 1100 quid
733 1055 775 1086 te
790 1049 961 1095 laeserit,
987 1056 1029 1087 et
1045 1048 1120 1087 scis

94 1113 144 1150 In
160 1113 280 1151 breve
297 1120 339 1151 te
357 1113 462 1164 cogi,
480 1113 618 1164 plenus
636 1125 727 1151 cum
743 1113 903 1164 languet
919 1120 1080 1152 amator.

97 1177 215 1221 Quod
232 1177 266 1215 si
282 1190 361 1216 non
379 1177 472 1215 odio
491 1177 690 1229 peccantis
707 1178 849 1229 desipit
865 1191 1003 1229 augur,

96 1241 222 1281 Carus
238 1243 315 1280 eris
335 1242 496 1288 Romae,
514 1242 643 1281 donec
659 1249 701 1280 te
718 1242 872 1281 deserat
889 1249 1010 1281 aetas.

97 1307 375 1346 Contrectatus
394 1308 460 1346 ubi
476 1307 653 1346 mam'bns
671 1307 896 1346 sordescere
913 1307 1021 1358 vulgi

98 1372 300 1424 coeperis,
326 1379 396 1410 aut
412 1372 538 1410 tineas
555 1384 692 1423 pasces
709 1371 927 1409 taciturnus
939 1372 1097 1419 inertes,

101 1437 187 1475 Aut
197 1436 326 1488 fugies
345 1436 517 1483 Uticam,
535 1443 604 1474 aut
620 1436 774 1475 vinctus
790 1435 955 1476 mitteris
966 1436 1153 1483 neniam

97 1500 259 1539 Ridebit
275 1501 443 1539 monitor
455 1513 534 1539 non
551 1501 761 1540 exauditus
770 1515 782 1538 ε
812 1508 857 1539 ut
873 1501 954 1548 ille,
1154 1506 1158 1508 ’

102 1565 181 1608 Qui
197 1565 298 1608 male
315 1573 522 1616 parentem
539 1566 580 1603 in
598 1578 715 1617 rupes
730 1566 917 1617 protrusit
934 1566 1096 1606 asellum

99 1628 239 1667 Iratus.
266 1629 363 1672 Quis
380 1630 484 1667 enim
501 1629 664 1668 invitum
682 1643 837 1669 servare
855 1632 1027 1671 laboret?
1112 1637 1114 1639 ’

98 1692 192 1732 Hoc
209 1706 365 1744 quoque
382 1701 423 1731 te
440 1701 585 1740 manet,
612 1702 657 1732 ut
673 1707 815 1745 pueros
832 1695 1028 1733 elementa
1044 1696 1113 1734 do-

306 1766 459 1796 centem

99 1817 282 1874 Occupet
298 1823 484 1861 extremis
501 1823 543 1860 in
559 1822 655 1862 vicis
671 1824 787 1862 balba
804 1831 998 1863 senectus.

100 1886 201 1924 Cum
217 1886 288 1924 tibi
306 1887 363 1924 sol
380 1887 535 1937 tepidus
552 1888 683 1939 plures
700 1888 915 1927 admoverit
932 1901 1058 1937 aures,

103 1949 190 1996 Me,
208 1950 390 1989 libertino
407 1959 542 1990 natum
560 1960 686 2004 patre,
713 1960 754 1991 et
771 1953 811 1990 in
828 1953 938 1992 tenui
955 1967 1013 2001 re,

102 2014 278 2066 Majores
294 2029 441 2067 pennas
458 2017 552 2055 nido
569 2017 791 2056 extendisse
807 2018 1001 2070 loqueris3

102 2079 173 2125 Ut,
191 2087 375 2131 quantum
395 2082 529 2132 generi
547 2082 694 2129 demas,
719 2081 926 2121 virtutibus
943 2083 1088 2122 addas:

102 2142 173 2183 Me
189 2144 322 2196 primis
340 2145 444 2184 urbis
461 2146 554 2186 belli
571 2146 763 2198 placuisse
781 2147 962 2199 domique
977 2164 988 2193 3
