1378 2534
195 226 273 263 150
384 244 386 246 ·
508 224 615 262 Ans
670 223 924 265 POETICA.
1107 240 1144 266 v.
1165 229 1249 268 131.

191 338 354 377 Publica
371 335 550 374 materies
567 334 705 386 privati
719 334 816 385 juris
834 335 922 383 erit,
939 336 972 375 si

190 403 278 442 Nec
297 402 400 440 circa
417 400 532 438 vilem
550 400 802 452 patulumque
820 400 1031 440 moraberis
1050 402 1183 441 orbem
1199 419 1211 449 ς

188 467 277 506 Nec
294 465 456 504 verbum
472 465 593 503 verbo
613 464 764 503 curabis
781 465 946 504 reddere
962 465 1063 505 fidus

185 530 411 582 Interpres3
429 542 503 567 nec
523 529 676 568 desilies
694 529 865 568 imitator
881 529 922 568 in
939 537 1106 579 arctum,

187 597 305 636 Unde
323 595 464 647 pedem
478 594 652 646 proferre
670 594 796 645 pudor
808 601 928 641 vetet,
942 602 1010 634 aut
1024 596 1152 647 operis
1165 595 1243 635 lex.

185 662 274 700 Nec
293 661 348 699 sic
367 659 542 711 incipies,
563 666 606 697 ut
623 659 789 710 scriptor
807 658 954 710 cyclius
972 659 1085 698 olim:

186 733 199 753 ⁸
219 727 429 765 Fortunam
449 724 591 762 Priami
611 725 792 771 cantabo,
810 731 852 762 et
869 725 999 763 nobile
1017 725 1191 765 bellum-⁹

183 792 290 835 Quid
309 791 469 842 dignum
488 796 597 827 tanto
615 789 715 828 feret
733 789 798 827 hic
816 790 1024 841 promissor
1042 790 1179 830 hiatu?

183 855 410 895 Parturiunt
428 861 580 892 montes
594 870 606 903 ;,
630 861 812 892 nascetur
831 853 1016 892 ridiculus
1039 867 1138 893 mus.

182 924 340 966 Quanto
359 920 503 959 rectius
520 918 599 965 hic,
619 918 684 970 qui
704 918 757 955 nil
775 918 932 957 molitur
949 919 1109 971 inepte?

182 993 195 1011 ⁴
214 986 292 1025 Dic
311 985 419 1030 mihi,
440 983 569 1030 Musa,
588 982 726 1029 virum,
759 989 898 1033 captae
916 990 1005 1035 post
1035 990 1214 1036 tempora

388 1049 545 1099 Trojae,

182 1123 194 1141 ‘
216 1116 291 1160 Qui
310 1126 439 1152 mores
456 1112 656 1150 hominum
674 1112 883 1150 multorum
901 1112 998 1152 vidit
1022 1121 1064 1152 et
1078 1115 1221 1154 urbes-⁹

179 1182 271 1220 Non
289 1179 438 1217 fumum
458 1191 509 1215 ex
522 1177 688 1228 fulgore,
708 1177 777 1215 sed
796 1190 846 1216 ex
857 1176 965 1217 fumo
983 1178 1076 1218 dare
1094 1179 1237 1229 lucem,

178 1247 354 1297 Cogitat,
373 1250 417 1282 ut
435 1242 610 1294 speciosa
627 1242 770 1280 dehinc
789 1242 975 1281 miracula
991 1250 1157 1295 promat,

175 1310 434 1361 Antiphaten,
465 1307 727 1358 Scyllamque,
755 1313 903 1346 etcum
922 1308 1097 1359 Cyclope
1130 1309 1232 1348 Cha-

381 1372 535 1424 rybdin.

173 1442 260 1480 Nec
279 1439 447 1477 reditum
466 1436 669 1474 Diomedis
688 1437 735 1474 ab
755 1435 915 1475 interitu
935 1436 1142 1489 Meleagri,

172 1506 260 1543 Nec
279 1503 435 1554 gemino
453 1501 598 1539 bellum
619 1500 829 1552 Trojanum
849 1501 999 1540 orditur
1013 1504 1062 1541 ab
1081 1516 1168 1543 ovo.

173 1571 335 1620 Semper
353 1567 403 1605 ad
422 1573 604 1604 eventum
622 1566 805 1611 festinat;
832 1573 873 1604 et
890 1567 930 1605 in
949 1567 1096 1606 medias
1114 1581 1191 1616 res,

170 1635 261 1672 Non
280 1645 393 1670 secus
411 1645 458 1670 ac
476 1638 602 1677 notem,
620 1631 837 1673 auditorem
857 1633 957 1684 rapit
973 1649 983 1677 ;
997 1637 1064 1679 ‘et,
1089 1646 1189 1685 quae

168 1700 363 1750 Desperat
381 1687 547 1735 tractata
564 1696 756 1735 nitescere
769 1709 898 1747 posse,
917 1697 1124 1749 relinquit:
1186 1736 1190 1738 .

169 1765 303 1815 Atque
323 1762 376 1799 ita
394 1761 593 1807 mentitur,
612 1761 667 1798 sic
685 1761 785 1799 veris
803 1761 899 1800 falsa
915 1762 1111 1809 remiscet,

167 1829 298 1867 Primo
316 1840 365 1864 ne
384 1827 567 1872 medium,
587 1826 716 1864 medio
734 1840 783 1864 ne
802 1827 997 1879 discrepet
1015 1827 1146 1867 imum.

166 1894 242 1939 Tu,
263 1892 355 1943 quid
368 1905 456 1941 ego,
476 1898 516 1928 et
531 1891 695 1942 populus
709 1903 860 1929 mecum
879 1891 1088 1939 desideret,
1108 1893 1220 1932 audit

166 1958 206 1996 Si
226 1956 410 2008 plausoris
429 1968 521 2006 eges
541 1956 676 1994 aulaea
694 1956 898 2002 manentis,
918 1962 959 1994 et
977 1969 1100 2008 usque

166 2021 330 2067 sessuri,
350 2021 475 2059 donec
495 2027 646 2066 cantor,
665 2020 744 2058 Vos
763 2020 949 2072 plaudite,
969 2021 1074 2060 dicat
1090 2038 1101 2066 ;

164 2086 316 2124 Aetatis
336 2088 521 2136 cujusque
541 2085 700 2123 notandi
719 2092 809 2123 sunt
828 2085 899 2123 tibi
924 2098 1065 2132 moreS,

166 2151 455 2201 Mobilibusque
475 2149 594 2188 decor
614 2150 760 2189 naturis
780 2151 929 2190 dandus
949 2158 990 2189 et
1006 2151 1128 2190 annis.
1159 2160 1163 2165 ¹
