1378 2534
216 225 293 263 232
608 223 874 264 NOTULAE

495 311 542 338 m
569 311 721 338 ARTEM
749 312 982 339 Pom-mma.

262 401 327 437 65.
380 395 441 434 Ne
456 396 683 447 corripiatur
693 395 828 434 ultima
842 395 882 433 in
899 409 995 435 voce
1005 396 1132 448 palus,
1149 397 1256 438 hunc

209 475 362 502 versum
379 460 482 499 varie
501 460 700 498 tentarunt
716 459 900 506 editores,
919 460 983 512 qui
995 462 1111 500 etiam
1125 475 1149 501 a
1167 463 1257 503 Ser·

207 527 272 565 vio
290 525 545 565 etPrisciano
565 525 721 571 citatur,
748 531 792 562 ut
821 524 939 575 vulgo
955 524 1072 564 hodie
1102 526 1258 578 legitur..

207 590 337 629 Bentl.
350 589 580 628 emendabat
584 587 698 640 palus
702 587 826 640 prius.
854 588 1048 640 Cuningh.
1059 597 1099 628 et
1112 589 1256 630 Wake-

207 654 299 694 field
309 653 436 707 palus,
454 653 670 705 agitataque
687 653 810 690 remis.
1123 646 1133 653 ”

259 722 322 758 68.
375 718 452 755 Pro
451 719 583 768 ficta,
611 716 739 755 Bentl.
757 729 808 755 ex
827 729 906 755 uno
923 717 1060 756 codice
1091 718 1256 771 rescrip-

208 783 258 822 sit
277 787 420 821 cuncta.

258 848 321 888 72.
379 847 491 890 Quem
502 859 618 898 penes
634 845 843 884 arbitrium.
877 876 879 879 .
895 845 958 884 Ita
988 844 1076 893 libri
1107 858 1253 886 omneS.

208 911 273 950 Sic
291 909 407 948 etiam
426 911 478 948 A.
499 910 660 948 Sabinus
680 923 690 946 z

254 999 317 1037 ΤΕ
334 1010 466 1037 ramas
485 999 680 1038 arbitrium
699 1006 848 1038 nostrae
864 1000 1033 1052 vitaeque
1049 1001 1228 1053 necisque.

919 1064 921 1066 ’
955 1063 1031 1115 Ep.
1047 1063 1123 1102 111.
1139 1066 1205 1106 27.

205 1140 422 1180 Wakefield
446 1140 496 1178 de
514 1153 584 1178 suo
616 1140 812 1191 rescripsit
839 1140 1032 1188 arbitrum,
1059 1153 1138 1180 non
1165 1141 1255 1181 satis

203 1214 410 1257 perpenso,
439 1211 483 1241 ut
501 1204 667 1250 videtur,
685 1205 890 1243 verborum
906 1217 1024 1242 nexu.
1134 1252 1137 1254 q

261 1272 346 1307 101.
401 1268 478 1306 Pro
496 1267 649 1319 adflent,
666 1269 770 1320 vulg.
784 1269 931 1307 adsunt.
976 1261 1253 1320 AfflantMar-

203 1333 266 1373 cil.
285 1346 335 1371 ex
354 1332 444 1370 MS.
465 1331 617 1384 Afflent
635 1329 765 1370 'etiam
796 1332 950 1372 aliunde
979 1331 1106 1372 firmat
1133 1332 1251 1372 Bent'-

201 1398 312 1438 leius.
796 1392 798 1395 ’

256 1467 340 1501 114.
392 1462 456 1499 De
473 1461 549 1498 hoc
567 1473 693 1508 versu,
713 1460 778 1512 qui
804 1459 900 1498 mira
916 1459 1100 1500 varietate
1131 1461 1171 1499 in
1201 1461 1246 1499 li-

201 1524 293 1574 bris,
313 1525 579 1577 tumlscriptis,
597 1531 680 1562 tum
699 1524 826 1570 editis,
854 1524 1075 1572 exhibetur,
1099 1523 1186 1563 fuse
1209 1538 1250 1564 e-

200 1591 259 1643 git
276 1590 498 1628 Lambinus.
551 1589 651 1627 Cum
680 1588 859 1627 Bentleio
891 1588 1066 1627 dedimus
1096 1589 1250 1628 divume

201 1667 250 1694 cm
268 1654 374 1693 heros
392 1667 443 1692 ex
461 1653 582 1691 tribus
596 1652 809 1691 Blandiniis
825 1652 996 1704 Cruquii.
1049 1656 1076 1676 “
1103 1652 1166 1692 Ita
1181 1653 1249 1692 de-

203 1724 231 1744 “
257 1732 390 1757 corum
409 1718 448 1755 in
466 1717 641 1768 personis
659 1723 832 1755 servatur
851 1730 921 1767 pro
935 1713 1122 1756 varietate
1139 1725 1249 1758 natu-

202 1787 230 1807 “
256 1796 336 1829 rae,
363 1782 513 1828 aetatis,
541 1780 788 1827 conditionis,
814 1781 914 1820 vitae
932 1780 1100 1832 generi8‚
1125 1781 1250 1820 natio-

201 1851 229 1871 “
255 1846 327 1892 nis,
354 1846 493 1897 gentis.
546 1844 654 1896 Ergo
672 1844 764 1882 bina
785 1845 852 1883 hic
870 1845 970 1883 inter
987 1857 1030 1884 se
1046 1857 1249 1896 opponun-

202 1915 230 1935 “
255 1917 333 1956 tur,
360 1909 455 1947 deus
473 1916 514 1947 et
531 1909 660 1955 heros,
686 1921 807 1947 senex
826 1915 867 1947 et
880 1908 1048 1960 juvenis,
1073 1915 1250 1947 matrona

202 1978 230 1999 “
256 1981 297 2012 et
326 1973 471 2020 nutrix,
512 1980 704 2012 mercator
732 1980 772 2011 et
800 1972 982 2024 agricola,
1011 1971 1180 2012 Colchus
1207 1979 1250 2011 et

203 2043 231 2063 ‘⁶
258 2038 454 2089 Assyrius,
482 2037 690 2076 Thebanus
708 2044 748 2076 et
766 2037 987 2088 Argivusl'*
1024 2034 1026 2036 ’
1063 2036 1228 2075 Banu.

255 2102 471 2142 Wakefield
487 2103 682 2150 Davusne,
713 2102 879 2141 herusne.
