1378 2534
166 261 193 297 6
456 254 777 295 SERMONUM
828 255 862 295 1.
914 256 954 295 ii.
1095 261 1226 300 -v·5.

166 367 348 414 Dicatur,
361 373 553 412 metuens,
567 365 672 417 inopi
686 365 779 404 dare
793 366 890 405 nolit
903 367 1043 416 amico,

165 432 302 484 Frigus
317 444 394 483 quo
408 431 621 482 duramque
633 430 776 469 famem
790 431 987 484 depellere
999 431 1135 484 possit.

166 497 288 535 Hunc
302 497 332 535 si
347 496 601 548 perconteris,
616 495 676 533 avi
691 509 762 534 cur
775 503 893 548 atque
906 497 1078 548 parentis

166 562 412 601 Pmeclaram
426 562 578 612 ingrata
591 561 756 612 stringat
769 561 893 600 malus
906 561 1076 614 ingluvie
1089 574 1187 611 rem,

163 626 308 666 Omnia
321 625 526 664 conductis
540 627 722 664 coemens
735 626 894 665 obsonia
906 626 1095 672 nummis;

166 692 353 731 Sordidus
380 698 497 742 atque
511 691 629 728 animi
642 692 747 742 quod
760 691 868 743 parvi
882 691 980 730 nolit
993 690 1142 738 haberi,

163 757 403 809 Respondet.
430 755 629 794 Laudatur
643 756 691 793 ab
706 756 779 803 his,
807 756 988 808 culpatur
1001 756 1050 795 ab
1065 756 1150 794 illis.

156 822 335 861 fufidius
348 832 495 872 vappae
508 819 648 857 famam
662 820 775 858 timet
788 833 835 859 ac
850 821 1067 868 nebulonis,

160 887 284 926 Dives
298 886 412 937 agris,
441 885 547 923 dives
565 884 698 936 positis
711 885 751 922 in
765 884 899 923 fenore
914 885 1092 924 nummis.

159 952 309 995 Quinas
321 950 386 988 hic
400 950 517 1004 capiti
531 949 732 988 mercedes
746 955 927 994 exsecat3
953 955 1085 1001 atque,

160 1018 318 1060 Quanto
331 1014 519 1067 perditior
533 1014 695 1066 quisque
709 1021 782 1061 est,
794 1021 905 1053 tanto
917 1014 1047 1053 acrius
1060 1019 1219 1067 urguet:

159 1081 329 1120 Nomina
341 1087 526 1126 sectatur,
553 1079 670 1118 modo
689 1086 817 1118 sumta
828 1085 936 1117 veste
948 1077 1065 1126 virili,

162 1146 243 1185 Sub
257 1146 431 1198 patribus
444 1145 565 1192 duris,
580 1145 760 1183 tironum.
788 1144 981 1191 Maxime,
999 1144 1086 1196 quis
1100 1157 1195 1192 non,

157 1211 329 1263 Jupiter!
358 1210 566 1255 exclamat,
591 1209 705 1247 simul
718 1216 836 1260 atque
850 1209 1023 1247 audivit?
1055 1210 1111 1247 At
1125 1209 1165 1247 in
1177 1222 1220 1249 se

158 1277 237 1315 Pro
251 1283 413 1328 quaestu
425 1282 593 1313 sumtum
606 1274 702 1312 facit
719 1275 795 1312 hic.
814 1274 893 1312 Vix
908 1274 1070 1313 credere
1083 1275 1219 1326 possis,

158 1342 284 1384 Quam
297 1339 367 1378 sibi
380 1352 457 1378 non
470 1338 519 1376 sit
530 1338 693 1376 amicus:
716 1338 771 1376 ita
783 1346 826 1376 ut
837 1345 949 1389 pater
960 1337 1040 1385 ille,
1054 1338 1219 1378 Terenti

158 1405 304 1444 Fabula
316 1416 432 1456 quem
446 1403 629 1441 miserum
644 1410 737 1441 nato
750 1403 891 1441 vixisse
906 1402 1042 1455 fugato

156 1469 327 1515 Inducit,
342 1481 419 1506 non
434 1481 475 1506 se
492 1469 604 1519 pejus
618 1467 849 1506 cruciaverit
868 1474 985 1519 atque
1003 1468 1082 1507 hic.

157 1535 198 1573 Si
214 1534 298 1586 quis
311 1546 415 1571 nunc
428 1539 603 1584 quaerat,
610 1533 699 1575 Quo
710 1545 772 1570 res
785 1532 884 1571 haec
898 1532 1091 1584 pertinet?
1106 1532 1218 1579 illuc;

156 1599 263 1637 Dum
277 1598 400 1636 vitant
414 1597 521 1635 stulti
532 1597 639 1644 vitia,
654 1597 693 1634 in
712 1597 908 1636 contraria
921 1604 1095 1636 currunt.

155 1663 380 1702 Malchinus
393 1662 535 1700 tunicis
549 1662 723 1700 demissis
741 1662 937 1707 ambulat;
963 1669 1024 1700 est
1037 1662 1104 1714 qui

154 1727 306 1778 Inguen
321 1727 370 1764 ad
384 1727 594 1764 obscenum
608 1726 808 1765 subductis
820 1739 943 1778 usque
956 1726 1132 1766 facetus:

156 1791 334 1829 Pastillos
350 1790 515 1827 Rufillus
535 1790 627 1836 olet,
656 1789 879 1841 Gorgonius
896 1790 1061 1829 hircum.

154 1855 219 1892 Nil
232 1854 401 1892 medium
416 1861 487 1891 est.
507 1853 607 1892 Sunt
621 1855 686 1906 qui
697 1855 821 1893 nolint
833 1853 1103 1905 tetigisse,nisi
1115 1853 1212 1903 illas,

154 1921 329 1962 Quarum
342 1919 500 1956 subsuta
513 1918 611 1957 talos
625 1925 732 1970 tegat
748 1919 879 1957 instita
891 1925 999 1957 veste
1011 1932 1023 1956 ε

154 1982 303 2020 Contra
315 1980 413 2018 alius
427 1981 586 2027 nullam,
601 1981 673 2019 nisi
685 1981 804 2020 olenti
817 1982 856 2020 in
870 1981 1020 2020 fornice
1034 1989 1214 2021 stantem.

151 2045 320 2088 Quidam
335 2053 453 2083 notus
467 2045 583 2084 homo
602 2058 691 2084 cum
707 2045 834 2084 exiret
850 2045 1022 2091 fornice;
1049 2046 1186 2086 Macte

154 2110 310 2148 Virtute
325 2117 422 2156 esto,
450 2110 574 2161 inquit
592 2110 784 2148 sententia
798 2110 862 2148 dia
876 2110 1058 2154 Catonis:

156 2175 273 2222 Nam,
299 2175 410 2213 simul
425 2187 470 2214 ac
485 2187 601 2213 venas
618 2174 765 2213 inflavit
779 2182 880 2214 tetra
893 2175 1027 2223 libido,
