1378 2534
83 281 130 309 u.
144 270 207 309 44.
352 261 672 304 SERMONUM
724 260 779 299 11.
830 260 895 298 vii.
1098 259 1150 300 75

93 377 167 416 Me
183 374 295 415 vultu
304 381 452 414 terrere
463 386 476 410 =
498 383 654 410 manum
665 367 985 419 stomachumque
995 373 1144 413 teneto,

94 441 219 486 Dum,
237 451 337 492 quae
355 437 523 489 Crispini
540 435 677 474 docuit
693 446 756 472 me
769 432 928 484 janitor,
954 430 1041 470 edo.

98 506 159 544 Te
176 506 323 556 eonjux
338 504 466 542 aliena
482 501 600 552 capit,
626 498 874 538 meretricula
892 497 1071 535 Davum:

95 569 244 609 Pecmt
257 575 344 607 uter
354 567 529 606 noenum
539 577 659 604 cruee
676 563 857 615 dignius?
877 561 996 600 Acris
1005 559 1073 598 ubi
1082 571 1146 597 me

94 633 248 673 Natura
262 631 453 678 incendit,
479 631 552 669 sub
569 630 675 668 clara
691 627 797 666 nuda
821 627 982 665 lucerna

96 701 366 750 Quaecunque
384 695 543 747 excepit
559 693 752 746 turgentis
767 692 932 730 verbera
947 690 1095 728 eundae

97 755 303 810 clunibus,
329 769 398 800 aut
413 759 575 811 agitavit
591 771 734 809 equum
750 756 894 795 lasciva
910 755 1106 807 supinum,

96 827 274 868 Dimittit
287 838 417 878 neque
432 824 637 868 famosum,
662 835 791 872 neque
808 820 1032 865 sollicitum,
1059 831 1110 856 ne

97 891 244 939 Ditior,
254 898 324 930 aut
339 889 487 928 formae
505 886 688 932 meliori&
706 885 826 923 meiat
841 884 995 923 eodem.

97 955 164 997 Tu
180 969 285 1002 cmn,
301 953 487 1006 projectis
503 951 733 1002 insignibus,
758 949 903 988 annulo
920 948 1106 1000 equestri,

98 1021 357 1071 Bomffloque
373 1017 524 1063 habitu,
549 1014 680 1067 prodis
698 1027 748 1052 ex
762 1013 897 1064 judice
914 1012 1044 1050 Dama

101 1083 258 1135 Turpi&
285 1082 489 1120 odoratum
507 1086 626 1130 eaput
642 1079 874 1116 obscurante
892 1077 1073 1120 lacerum

101 1148 196 1187 Non
211 1160 258 1186 es
274 1146 381 1199 quod
396 1144 577 1183 simulas?
605 1142 790 1180 Metuens
808 1140 1016 1185 induceris,
1034 1147 1152 1191 atque

102 1212 335 1250 Alteroente
352 1208 576 1247 libidinibus
592 1207 727 1246 tremis
742 1218 831 1244 ossa
845 1217 1002 1256 pavore.

104 1276 212 1320 Quid
227 1274 363 1321 refert,
391 1273 450 1311 uri
468 1273 585 1324 virgis
610 1271 791 1322 ferroque
809 1269 942 1308 necari

105 1341 347 1380 Auctoratus
364 1351 453 1382 eas;
477 1349 542 1383 an,
570 1335 675 1387 turpi
692 1335 845 1373 almus
862 1334 903 1370 in
920 1345 1026 1379 area,

104 1406 195 1448 Qro
211 1412 252 1443 te
269 1402 423 1440 demisit
439 1402 594 1453 peceati
611 1400 769 1439 conscia
785 1398 917 1436 herilis

106 1469 377 1513 Gonu-actum,
390 1467 555 1518 genibus
572 1473 711 1516 tangas
723 1463 862 1515 eaput?
884 1461 1006 1499 Estne
1020 1460 1158 1500 marito

107 1534 321 1572 Matronae
334 1532 535 1584 peccantis
552 1531 593 1568 in
610 1531 724 1568 ambo
737 1531 844 1580 justa
860 1527 1059 1579 potestas?

106 1598 158 1636 In
175 1604 445 1648 corruptorem
462 1597 526 1634 vel
537 1596 691 1646 justior.
718 1594 790 1632 Illa
804 1601 934 1631 tamen
952 1604 995 1630 se

108 1661 203 1700 Non
218 1661 354 1699 habitu
379 1667 552 1698 mutatve
571 1660 673 1704 loco,
701 1664 890 1709 peccatve
908 1668 1091 1706 superne,

109 1727 212 1766 Cum
227 1733 267 1764 te
283 1725 467 1764 formidet
484 1724 637 1768 mulier,
664 1733 793 1772 neque
812 1719 947 1757 credat
965 1717 1125 1757 amanti.

110 1789 191 1828 Ibis
208 1789 281 1827 sub
297 1787 447 1827 fin-eam
463 1788 649 1839 prudens,
677 1785 911 1835 dominoque
928 1782 1074 1821 furenti

111 1853 342 1893 Committes
359 1865 442 1890 rem
456 1864 626 1897 omnem,
644 1858 685 1888 et
696 1849 828 1895 vitam,
845 1855 888 1886 et
898 1861 987 1886 cum
999 1861 1162 1899 corpore

318 1917 473 1955 famam.

116 1982 274 2020 Evasti?
302 1989 468 2028 metues,
494 1979 627 2026 credo,
645 1978 861 2029 doctusque
880 1976 1057 2016 cavebis!

119 2048 294 2089 Quaeres
307 2046 464 2097 quando
477 2045 618 2082 iterum
631 2055 787 2095 paveas,
809 2042 1028 2092 iterumque
1040 2039 1169 2091 perire

122 2110 263 2149 Possis.
289 2109 327 2147 O
344 2110 460 2148 toties
477 2111 632 2147 servus!
660 2119 761 2159 quae
777 2106 907 2144 bellua
924 2105 1062 2155 ruptis,

122 2174 224 2214 eum
242 2174 361 2213 semel
378 2173 527 2226 effugit,
555 2173 684 2212 reddit
700 2185 743 2212 se
761 2183 879 2224 prava
897 2169 1073 2209 catenis?
