1378 2534
187 244 259 280 106
391 237 794 281 EPISTOLARUM
845 237 879 277 1.
930 237 1001 279 xii.
1119 251 1157 277 v.
1174 220 1239 282 21.

184 351 346 398 Verum,
366 364 436 389 seu
450 351 577 403 pisces
595 363 665 388 seu
678 362 837 401 porrum
849 356 890 388 et
904 361 1025 401 caepe
1038 348 1226 397 trucidas,

181 417 305 455 Utere
321 415 506 467 Pompeio
522 415 704 467 Grospho
719 430 729 460 ;
747 422 803 463 et,
821 414 854 452 si
881 413 975 466 quid
991 420 1102 466 petet
1119 413 1237 461 ultro,

180 480 321 518 Defer:
336 480 389 517 nil
404 479 608 532 Grosphus
622 480 695 518 nisi
706 492 842 519 verum
853 478 980 518 orabit
997 485 1038 517 et
1056 491 1236 530 aequum.

181 545 278 582 Vilis
297 544 508 583 amicorum
522 552 581 583 est
593 557 760 592 annona,
777 544 891 583 bonis
908 542 976 582 ubi
993 542 1088 595 quid
1113 542 1236 580 deest.

182 609 244 648 Ne
263 617 394 648 tamen
412 609 581 661 ignoreS‚
610 624 688 663 quo
705 610 756 649 sit
774 609 953 648 Romana
967 608 1057 647 loco
1074 620 1159 652 res;

183 675 379 714 Cantaber
394 674 609 726 Agrippae,
638 672 779 712 Claudi
796 672 940 711 virtute
959 671 1129 711 Neronis

183 740 394 779 Armenius
412 739 578 778 cecidit:
601 739 665 788 jus
683 736 968 788 imperiumque
986 736 1175 778 Phraates

183 805 360 844 Caesaris
378 804 545 855 accepit,
573 803 738 854 genibus
755 801 905 841 minor:
933 814 1053 843 aurea
1067 801 1200 854 fruges

183 870 319 909 Italiae
337 869 455 922 pleno
473 868 625 907 defudit
645 867 770 919 Copia
786 880 922 907 cornu.

544 1103 715 1142 EPIST.
767 1100 882 1140 XIII.

460 1233 521 1259 AD
550 1232 713 1259 VINIUM
743 1229 963 1257 ASELLAM.

184 1326 251 1365 U'r
271 1325 585 1378 proficiscentem
605 1323 722 1363 docui
739 1330 780 1361 te
799 1335 916 1374 saepe
933 1322 1096 1375 diuque,
1147 1351 1150 1353 -

183 1392 367 1442 Augusto
386 1390 525 1428 reddes
542 1389 696 1440 signata
713 1387 922 1434 volumina,
949 1387 1057 1434 Vini,

185 1455 226 1493 Si
244 1455 406 1501 validus,
434 1454 465 1492 si
484 1454 610 1491 laetus
627 1452 715 1498 erit,
744 1451 775 1489 si
795 1451 963 1503 denique
982 1458 1142 1503 poscet:

183 1520 246 1558 Ne
265 1519 394 1558 studio
413 1518 534 1557 nostri
551 1530 709 1569 pecces,
736 1516 950 1567 odiumque
963 1515 1105 1555 libellis

184 1585 351 1623 Sedulus
371 1583 554 1635 importes
573 1594 692 1633 opera
709 1581 941 1620 vehemente
958 1580 1146 1620 minister.

185 1650 226 1688 Si
246 1658 285 1688 te
303 1650 404 1689 forte
423 1661 533 1694 meae
551 1646 680 1698 gravis
698 1652 786 1684 uret
804 1645 956 1684 sarcina
973 1645 1147 1693 chartae,

183 1715 359 1767 Abjicito
378 1714 520 1766 potius,
549 1724 679 1764 quam,
707 1724 785 1762 quo
802 1710 977 1762 perferre
990 1709 1154 1762 juberis,

182 1780 356 1818 Clitellas
372 1779 479 1818 ferus
497 1777 703 1829 impingaS,
730 1776 955 1827 Asinaeque
973 1781 1178 1826 paternum
1251 1791 1254 1794 ⁴

181 1845 410 1894 Cognomen
429 1850 556 1882 vertas
575 1843 615 1880 in
633 1842 766 1888 risum,
794 1847 835 1878 et
852 1839 983 1878 fabula
997 1838 1080 1878 fias.

179 1908 337 1947 Viribus
357 1909 477 1947 uteris
495 1921 565 1960 per
584 1907 717 1954 clivos,
744 1904 919 1951 flumina,
946 1903 1079 1943 lamae.

178 1972 316 2011 Victor
334 1973 523 2023 propositi
540 1971 655 2010 simul
675 1983 722 2010 ac
739 1967 964 2022 perveneris
982 1966 1088 2014 illuc,

180 2037 245 2075 Sic
263 2037 431 2088 positum
450 2036 619 2075 servabis
637 2047 734 2073 onus
750 2050 759 2078 ;
786 2045 835 2071 ne
854 2031 955 2070 forte
974 2031 1047 2070 sub
1070 2031 1133 2070 ala

173 2102 209 2138 F
210 2101 420 2140 asciculum
438 2109 571 2153 portes
589 2088 790 2146 librorum',
802 2105 846 2136 ut
864 2096 1032 2135 rusticus
1049 2104 1215 2147 agnuam

178 2165 235 2205 Ut
252 2166 386 2205 vinosa
403 2165 555 2217 glomus
573 2164 740 2204 furtivae
758 2161 924 2214 Pyrrhia
945 2159 1055 2199 lanae
1070 2175 1082 2205 ;
