1378 2534
185 236 241 273 90
406 233 808 273 EPISTOLARUM
859 234 894 272 Ι.
946 233 995 272 ii.
1124 248 1164 273 v.
1177 237 1247 276 68.

188 342 355 382 Pectore
374 345 505 391 verba,
524 357 644 396 puer;
670 356 775 382 nunc
792 351 834 382 te
851 343 1075 383 melioribus
1093 343 1214 383 offen

188 409 277 450 Quo
295 409 416 447 semel
436 416 495 447 est
514 409 661 447 imbuta
679 421 832 455 recens,
859 408 1027 449 servabit
1045 407 1207 447 odorem

190 471 309 511 Testa
329 473 408 511 diu.
437 474 553 516 Quod
571 473 603 510 si
622 486 762 520 cessas,
789 480 857 512 aut
874 480 1054 512 strenuus
1071 473 1212 520 anteis,

188 536 275 576 Nec
294 538 447 576 tardum
467 538 661 591 opperior,
688 550 762 576 nec
780 537 1106 590 praecedentibus
1123 536 1243 582 insto.

564 752 735 811 EPIST.
788 772 863 810 111.

469 899 496 925 A
503 901 530 925 D
559 900 723 927 JULIUM
754 899 944 926 FLORUM.

186 991 214 1030 J
216 1002 288 1029 um
309 990 437 1038 Flore,
457 992 597 1043 quibus
614 999 806 1030 terrarum
823 991 964 1029 militet
981 990 1059 1030 oris

186 1057 387 1103 Claudius,
417 1057 587 1108 Augusti
605 1057 818 1108 privignus,
845 1056 946 1111 scire
963 1055 1110 1094 laboro.

185 1121 389 1159 Thracane
400 1134 483 1168 vos,
491 1121 742 1173 Hebrusque,
749 1121 865 1159 nivali
876 1121 1066 1173 compede
1071 1119 1239 1168 vinctus,

184 1187 251 1223 An
269 1186 370 1224 freta
387 1186 533 1223 vicinas
552 1186 654 1223 inter
673 1185 870 1224 currentia
888 1192 1032 1232 turres,

184 1251 251 1287 An
270 1251 434 1302 pingues
453 1250 573 1288 Asiae
593 1251 718 1301 campi
737 1250 933 1301 collesque
952 1250 1178 1288 morantur?
1238 1260 1243 1274 ⁴

184 1314 289 1356 Quid
308 1315 482 1353 studiosa
498 1314 638 1353 cohors
656 1327 816 1365 operum
830 1314 973 1353 struit?
992 1314 1069 1352 hoc
1081 1327 1236 1366 quoque

387 1392 494 1417 curo.

180 1443 277 1485 Quis
296 1443 368 1480 sibi
387 1455 447 1480 res
461 1450 591 1494 gestas
609 1443 781 1494 Augusti
798 1444 968 1482 scribere
985 1443 1131 1482 sumit?

181 1507 291 1545 Bella
309 1507 394 1558 quis
412 1514 453 1544 et
470 1519 586 1557 paces
604 1507 773 1558 longum.
784 1507 963 1546 diffundit
981 1508 1021 1546 in
1039 1509 1208 1547 aevum?

180 1572 286 1614 Quid
305 1571 446 1616 Titius,
475 1571 652 1609 Romana
669 1571 776 1609 brevi
794 1579 980 1611 venturus
997 1572 1038 1610 in
1057 1573 1154 1612 ora?

181 1635 379 1674 Pindarici
395 1635 514 1673 fontis
533 1635 599 1687 qui
617 1649 696 1673 non
714 1635 904 1687 expalluit
921 1636 1096 1683 haustus,

180 1700 370 1738 Fastidire
390 1700 498 1738 lacus
510 1691 557 1738 'et
575 1701 676 1738 rivos
695 1713 811 1739 ausus
829 1708 998 1751 apertos.

180 1764 237 1803 Ut
255 1764 388 1803 valet?
409 1771 453 1802 ut
471 1764 647 1802 meminit
665 1765 816 1804 nostri?
837 1765 1027 1803 fidibusne
1045 1763 1197 1804 Latinis

179 1828 388 1870 Thebanos
406 1835 540 1879 aptare
556 1830 692 1868 modos
710 1830 855 1876 studet,
873 1828 1031 1880 auspice
1047 1841 1157 1867 musa
1171 1829 1187 1868 ἒ

180 1893 246 1930 An
266 1892 413 1943 tragica
427 1893 599 1932 desaevit
617 1901 658 1931 et
675 1893 908 1945 ampullatur
924 1893 965 1930 in
981 1894 1096 1932 arte?

179 1956 285 2000 Quid
303 1957 397 1994 mihi
417 1957 554 1996 Celsus
568 1959 674 2010 agit?
694 1958 876 2005 monitus,
894 1957 1138 2010 multumque
1149 1971 1234 1997 mo·

383 2022 547 2068 nendus',

178 2086 350 2124 Privatas
369 2093 412 2123 ut
430 2095 591 2137 quaerat
610 2101 717 2140 opes,
735 2095 775 2127 et
794 2095 955 2139 tangere
973 2088 1071 2126 vitet

179 2152 346 2204 Scripta,
364 2151 562 2191 Palatinus
581 2165 835 2205 quaecunque
854 2152 1005 2205 recepit
1022 2150 1166 2204 Apollo
1179 2167 1194 2197 ;
