1378 2534
209 203 287 242 ‘216
611 201 878 242 NOTULAE

454 290 502 316 ιι(
530 290 613 316 Lm.
642 291 671 316 1.
699 291 1019 320 EPISTOLARUM.

212 378 240 398 “
259 375 375 421 turni,
391 387 412 412 a
424 374 512 413 vino
530 375 798 426 intempestive
812 383 940 414 sumto
952 378 1099 418 orituri.
1139 379 1259 421 Plana

211 443 239 464 ‘⁴
256 439 448 478 sententia
478 446 518 477 et
550 447 658 478 recta
683 440 925 480 emendando
953 444 1254 496 corrumpitur.”

1126 508 1257 548 stu.

260 569 412 607 XVIII.
439 572 502 609 93.
551 568 627 607 Pro
645 569 750 621 vulg.
767 583 934 622 vapores,
963 570 1116 623 quidam
1142 571 1258 612 Lam-

209 635 290 674 bini
321 634 489 680 codices,
515 647 650 672 omnes
679 635 854 686 Cruquii,
884 648 1018 676 omnes
1049 636 1258 684 Tot-rentii,

209 700 320 738 Gott.
339 699 427 738 coll.
448 699 538 737 Sax.
557 705 597 737 et
616 699 678 736 ed.
697 698 806 737 Med.
830 700 939 741 1477.
957 706 1110 753 tepores.

264 767 349 804 107.
403 763 479 801 Pro
499 775 555 801 ur
573 762 675 810 mihi,
703 763 791 802 libri
808 763 939 814 plures
958 771 998 803 et
1024 765 1257 805 vetustiores

209 841 261 866 ET
290 828 391 867 mihi.

259 896 347 932 110.
400 893 476 931 Pro
493 905 547 930 NE
546 892 714 943 fluitem,
728 892 816 931 libri
827 892 958 943 plures
971 900 1012 932 et
1024 894 1256 933 vetustiores

207 971 293 997 mm
295 957 462 1009 fluitem.

257 1025 345 1060 111.
398 1021 476 1058 Pro
493 1020 570 1068 sed,
596 1021 684 1059 libri
701 1020 857 1072 quidam
875 1020 1113 1060 recentiores
1129 1021 1231 1062 haec.

245 1087 349 1126 Ibid.
394 1085 540 1133 Omnes
567 1085 728 1137 Cruquii
748 1085 901 1124 codices
929 1085 1143 1140 quiponit;
1171 1093 1252 1125 ntes

202 1165 254 1190 ex
290 1150 468 1189 Torrent.
503 1149 768 1188 vetustissimis
803 1163 900 1202 quae
933 1149 1047 1188 donat
1061 1165 1076 1188 :
1117 1149 1251 1192 Bentl-

203 1230 299 1269 quae
308 1215 431 1268 ponit.

254 1283 340 1319 112.
394 1279 561 1318 Codices
578 1278 726 1331 aliquot
742 1277 819 1317 hoe
846 1278 983 1318 ordine
1000 1279 1118 1318 verba
1135 1279 1246 1318 exhi-

202 1345 310 1385 bent.

250 1437 336 1447 .......
340 1437 363 1447 ..
440 1408 655 1447 ...Animum
673 1406 730 1446 mi*
744 1418 930 1448 AEQUAM
949 1407 1028 1459 ipse
1036 1408 1196 1460 parabo.

202 1472 254 1512 Et
274 1473 361 1512 cod.
365 1436 469 1510 ‘col-l.
489 1471 711 1510 Trinitatis:

250 1561 480 1575 ..................
484 1534 658 1574 Animum
675 1534 732 1573 mi
746 1546 828 1572 nco
846 1534 1093 1587 ipseparabo.
1150 1525 1155 1537 ⁶

197 1613 442 1652 Alterutrum
484 1612 634 1651 scilicet
677 1625 728 1651 ex
763 1612 890 1651 altero
921 1620 1150 1664 comptum
1173 1621 1246 1653 est.

196 1677 312 1720 Quod
332 1678 382 1715 ad
399 1676 609 1728 hujus·loci
627 1677 858 1715 sententiam
876 1675 964 1714 vide
982 1677 1138 1716 omnino
1162 1678 1245 1717 Cic.

195 1743 245 1781 de
264 1743 355 1780 Nat.
374 1742 549 1779 Deorum
568 1740 644 1779 111.
664 1744 726 1781 36.

244 1806 354 1843 XIX.
384 1808 445 1844 10.
497 1805 575 1843 Pro
601 1805 706 1857 vulg.
734 1805 865 1853 edixitj
893 1805 980 1845 cod.
1008 1805 1242 1857 Reginensis

193 1870 321 1909 Bentl.
339 1870 458 1908 habet
474 1870 587 1917 edixi,
615 1870 679 1908 cui
694 1871 890 1908 accedunt
903 1869 980 1908 duo
999 1869 1241 1918 Bersmanni,

193 1934 389 1972 Torrentii
406 1947 506 1972 unus
523 1935 817 1982 vetustissimus,
835 1941 877 1973 et
894 1947 918 1972 a
935 1946 1050 1972 manu
1068 1935 1243 1974 secunda

190 2011 290 2037 unus
307 1998 499 2036 Lambini.
553 1998 641 2036 Vid.
660 1998 794 2037 Bentl.
1245 2007 1249 2011 '

245 2065 306 2100 13.
334 2066 361 2085 “
379 2061 456 2099 Pro
470 2062 573 2113 vulg.
587 2068 740 2108 textore,
760 2062 864 2100 Mur.
879 2069 920 2100 et
938 2062 1037 2102 Dae.
1056 2069 1238 2115 tesquore,

193 2129 220 2149 ‘⁴
248 2125 352 2177 quod
381 2138 571 2178 nusquam
602 2125 844 2164 inventum.”
871 2125 1003 2164 (ἤδη.
1057 2131 1091 2150 “
1111 2128 1237 2170 Quam
