1378 2534
122 268 161 300 v-
180 261 242 299 19.
349 253 754 296 EPISTOLARUM
804 254 839 292 Ι.
890 254 982 294 xvii.
1103 255 1178 294 115

123 366 288 406 scurror
303 378 380 418 ego
394 367 478 418 ipse
494 365 589 404 mihi
603 381 614 409 ς
628 365 773 417 populo
790 371 860 403 tu:
878 363 1024 403 rectius
1041 363 1118 402 hoc
1132 370 1174 403 et

124 430 371 483 splendidius
387 431 510 470 multo
527 438 600 468 est.
627 430 762 482 Equus
780 436 824 468 ut
842 441 904 467 me
921 435 1067 480 portet,
1096 428 1174 466 alat

325 508 412 542 rex,

122 557 303 598 Officium
319 558 446 598 facio:
471 566 516 598 tu
533 559 661 611 poscis
677 558 768 597 vilia
783 570 929 604 rerum,

121 623 257 663 Dante
273 623 414 670 minor,
440 624 612 675 quamvis
629 623 707 661 fers
725 630 765 661 te
783 622 925 660 nullius
941 629 1139 672 egentem.

123 686 263 725 Omnis
283 687 524 739 Aristippum
542 687 676 725 decuit
687 686 809 732 color,
828 693 869 724 et
882 692 1020 731 status,
1038 692 1078 724 et
1095 697 1172 732 res,

123 748 358 790 Tentantem
375 753 535 802 majora,
552 750 635 788 fere
652 750 919 802 praesentibus
936 762 1126 801 aequum:

123 814 287 862 Contra,
314 827 430 866 quem
448 814 593 866 duplici
611 827 740 866 panno
758 815 946 866 patientia
962 814 1080 860 velat,

121 880 314 927 Mirabor,
338 880 442 918 vitae
458 880 521 918 via
538 880 570 918 si
588 892 775 918 conversa
790 879 960 918 decebit.

122 940 239 980 Alter
254 954 491 992 purpureum
508 954 587 980 non
604 941 849 992 exspectabit
866 942 1072 981 amictum·
1061 973 1073 987 ‚

123 1005 326 1048 Quidlibet
343 1005 501 1043 indutus
519 1005 773 1043 celeberrima
789 1018 860 1056 per
877 1006 965 1044 loca
982 1007 1112 1054 vadet,

123 1069 412 1120 Personamque
429 1069 530 1107 feret
547 1082 626 1106 non
645 1069 902 1107 inconcinnus
920 1078 1147 1121 utramque:

124 1133 242 1172 Alter
260 1133 390 1171 Mileti
407 1139 557 1170 textam
575 1145 671 1170 cane
688 1134 799 1183 pejus
813 1140 853 1171 et
871 1134 989 1184 angui

124 1195 276 1235 Vitabit
293 1196 561 1247 chlamydem3
578 1195 765 1234 morietur
781 1196 940 1247 frigore,
967 1197 1000 1234 si
1019 1211 1099 1236 non

125 1259 322 1299 Retuleris
339 1272 522 1312 pannum.
550 1259 685 1306 Refer,
703 1267 744 1298 et
760 1260 844 1298 sine
862 1261 966 1299 vivat
983 1262 1151 1313 ineptus.

123 1323 206 1362 Res
222 1336 374 1375 gerere,
401 1331 443 1361 et
460 1331 594 1375 captos
612 1323 819 1361 ostendere
837 1324 986 1362 civibus
1003 1325 1150 1373 hostes,

122 1388 297 1440 Attingit
314 1388 452 1427 solium
469 1388 592 1434 Jovis‚
612 1395 653 1425 et
670 1388 855 1426 coelestia
872 1396 1020 1427 tentat:

124 1452 577 1504 Principibusplacuisse
594 1452 701 1497 viris,
729 1465 808 1490 non
826 1453 962 1491 ultima
978 1454 1062 1492 laus
1080 1462 1151 1494 est.

124 1516 218 1555 Non
236 1516 357 1555 cuivis
374 1517 520 1554 homini
539 1516 731 1567 contingit
749 1517 856 1555 adire
876 1518 1120 1557 Corinthum.

132 1579 258 1626 Sedit,
286 1580 354 1631 qui
370 1580 500 1618 timuit
518 1593 567 1618 ne
586 1593 664 1617 non
682 1580 936 1618 succederett
964 1590 1048 1619 esto
1064 1597 1075 1620 t

127 1643 255 1685 Quid?
276 1643 343 1694 qui
361 1644 551 1694 pervenit,
574 1643 720 1681 fecitne
737 1643 925 1683 viriliter?
956 1645 1080 1695 Atqui

130 1705 211 1745 Hic
229 1714 303 1753 est,
321 1713 389 1744 aut
406 1718 608 1758 nusquam,
627 1706 732 1757 quod
745 1707 988 1757 quaerimus:
1005 1708 1070 1747 hic
1084 1721 1182 1748 onus

335 1771 483 1816 horret,

138 1835 196 1875 Ut
212 1835 339 1887 parvis
356 1834 494 1872 animis
512 1841 553 1872 et
569 1846 688 1885 parvo
706 1847 867 1885 corpore
884 1838 1029 1887 majus;

129 1899 211 1938 Hic
224 1900 329 1937 subit
340 1911 385 1937 ac
396 1897 554 1950 perfert.
583 1899 668 1936 Aut
678 1898 799 1936 virtus
809 1911 950 1937 nomen
963 1900 1077 1939 inane
1089 1910 1163 1949 est,

131 1965 225 2002 Aut
242 1963 363 2002 decus
379 1970 420 2001 et
432 1963 601 2014 pretium
619 1970 727 2001 recte
745 1963 844 2015 petit
861 1965 1068 2015 experiens
1087 1966 1157 2003 vir.

132 2029 278 2066 Coram
295 2040 389 2078 rege
406 2040 478 2065 suo
495 2027 546 2065 de
563 2034 792 2078 paupertate
811 2035 987 2066 tacentes

131 2090 226 2128 Plus
243 2099 429 2141 poscente
446 2091 597 2130 ferent:
625 2092 756 2138 distat,
774 2105 952 2130 sumasne
974 2093 1183 2144 pudenter,

132 2155 199 2193 An
216 2155 340 2207 rapias
353 2169 365 2193 :
383 2157 492 2207 atqui
509 2169 638 2195 rerum
657 2162 774 2208 caput
792 2157 869 2194 hoc
883 2164 981 2203 erat,
1000 2157 1065 2196 hic
1082 2157 1184 2196 fons.
