1378 2534
200 214 274 251 146
513 212 622 252 ARS
675 211 931 253 POETICA.
1138 228 1173 255 v.
1193 216 1254 259 17.

196 321 250 359 Et
269 322 509 374 properantis
527 335 649 375 aquae
663 336 733 375 per
747 336 929 362 amoenos
941 323 1106 364 ambitus
1122 337 1251 377 agros,

196 386 281 425 Aut
299 386 443 425 flumen
463 386 658 435 Rhenum,
685 395 752 426 aut
768 387 917 440 pluvius
944 389 1174 428 describitur
1189 403 1250 430 ar-

399 465 479 491 cus,

197 515 275 554 Sed
286 529 389 555 nunc
402 530 480 555 non
494 525 577 555 erat
587 515 647 555 his
660 515 786 555 locus:
799 525 840 556 et
849 517 1011 557 fortasse
1024 531 1248 570 cupressum

195 580 280 619 Scis
298 580 476 619 simulare
492 598 501 625 ;
529 582 622 633 quid
638 581 728 628 hoc,
756 582 787 619 si
803 582 936 621 fractis
960 591 1092 622 enatat
1109 596 1249 635 exspes

193 645 380 693 Navibus,
399 658 487 685 aere
506 646 597 685 dato
617 647 681 698 qui
699 646 898 698 pingitur?
918 648 1104 700 amphora
1116 648 1248 701 coepit

192 710 368 754 Institui;
395 720 575 749 currente
593 720 690 758 rota,
719 724 788 749 cur
806 725 943 750 urceus
961 712 1070 752 exit?

192 775 374 827 Denique
393 776 442 814 sit
460 776 623 827 quidvis,
651 776 813 827 simplex
832 777 1034 825 duntaxat,
1052 786 1093 817 et
1114 791 1245 817 unum.

190 840 367 878 Maxima
384 853 473 892 pars
490 850 634 887 vatum,
652 849 762 892 pater
775 848 815 879 et
821 843 982 891 juvenes
995 849 1106 894 patre
1124 842 1246 894 digni,

190 904 419 956 Decipimur
437 906 566 957 specie
584 905 680 944 recti
696 920 705 943 :
732 906 858 943 brevis
876 918 959 945 esse
977 906 1124 954 laboro,

191 969 391 1008 Obscurus
408 969 459 1007 fio
474 985 484 1013 ;
510 977 723 1008 sectantem
741 970 843 1007 lenia
859 970 967 1009 nervi

189 1034 390 1072 Deficiunt
408 1033 626 1086 animique3
652 1033 847 1086 professus
865 1035 1025 1086 grandia
1042 1042 1197 1087 turget;

190 1098 319 1150 Serpit
337 1099 444 1137 humi
462 1106 567 1137 tutus
585 1099 744 1137 nimium
763 1099 995 1151 timidusque
1013 1100 1227 1151 procellae;

189 1164 266 1207 Qui
284 1164 430 1202 variare
449 1164 556 1215 cupit
573 1177 654 1202 rem
673 1163 938 1216 prodigialiter
955 1177 1084 1212 unam,

186 1228 425 1280 Delphinum
444 1228 546 1266 silvis
564 1229 752 1280 appingit,
779 1229 961 1267 fluctibus
978 1241 1113 1280 aprum
1126 1243 1139 1268 ε

185 1292 233 1331 In
251 1293 386 1331 vitium
405 1292 513 1331 ducit
530 1293 666 1345 culpae
684 1292 790 1345 fuga,
818 1293 849 1332 si
868 1302 974 1332 caret
990 1301 1087 1332 arte.

187 1357 398 1396 Aemilium
417 1358 520 1396 circa
538 1358 670 1395 ludum
688 1358 797 1396 faber
815 1371 913 1396 unus
931 1363 971 1396 et
988 1370 1138 1409 ungues

186 1421 405 1473 Exprimet,
434 1429 474 1460 et
490 1421 626 1460 molles
644 1421 854 1460 imitabitur
872 1435 962 1461 aere
979 1422 1163 1474 capillos;

185 1485 327 1524 Infelix
347 1486 473 1538 operis
491 1499 652 1533 summa,
678 1486 767 1538 quia
783 1499 928 1537 ponere
946 1493 1071 1525 totum

183 1549 359 1588 Nesciet.
384 1550 504 1589 Hunc
518 1563 592 1602 ego
607 1564 683 1598 me,
698 1551 730 1589 si
741 1551 833 1603 quid
845 1563 1078 1603 componere
1091 1563 1239 1599 curem,

181 1614 275 1655 Non
294 1615 416 1666 magis
434 1628 518 1653 esse
535 1615 663 1663 velim,
682 1629 796 1667 quam
815 1629 909 1654 naso
926 1616 1055 1656 vivere
1071 1629 1209 1668 pravo,-

185 1679 447 1731 Spectandum
466 1679 584 1731 nigris
603 1680 738 1727 oculis,
764 1680 956 1732 nigroque
974 1680 1126 1733 capillo.

183 1745 334 1783 Sumite
351 1746 550 1783 materiam
567 1746 717 1792 vestris,
745 1746 810 1797 qui
828 1746 1008 1792 scribitis,
1035 1758 1199 1797 aequam

181 1809 360 1853 Viribus3
388 1817 428 1848 et
444 1817 593 1848 versate
611 1810 691 1858 diu,
718 1811 812 1862 quid
829 1810 930 1849 ferre
946 1816 1140 1856 recusent,

181 1874 285 1916 Quid
304 1875 455 1913 valeant
473 1875 645 1913 humeri:
674 1876 736 1914 cui
754 1876 857 1915 lecta
873 1882 1054 1927 potenter
1069 1874 1143 1913 erit
1159 1884 1235 1921 rea,

179 1938 269 1977 Nec
286 1939 468 1976 facundia
486 1939 638 1978 deseret
655 1939 774 1986 hunc,
801 1952 875 1978 nec
893 1938 1044 1977 lucidus
1061 1938 1170 1977 ordo.

179 2005 338 2043 Ordinis
356 2004 453 2042 haec
469 2004 591 2042 virtus
609 2005 682 2043 erit
706 2013 745 2043 et
762 2017 896 2051 venuS,
923 2012 991 2043 aut
1007 2017 1082 2056 ego
1099 2003 1225 2052 fallor,

181 2070 235 2108 Ut
252 2071 330 2120 jam
350 2082 455 2106 nunc
473 2069 591 2115 dicat,
607 2071 687 2121 jam
706 2082 809 2107 nunc
827 2068 1008 2107 debentia
1026 2067 1104 2106 dici

179 2133 369 2187 Pleraque
388 2134 550 2182 diflerat,
569 2142 608 2173 et
626 2147 806 2188 praesens
824 2134 863 2174 in
882 2141 1032 2186 tempus
1057 2132 1236 2178 omittatg
