<?xml version="1.0" encoding="UTF-8"?>
<!DOCTYPE html PUBLIC "-//W3C//DTD XHTML 1.0 Transitional//EN"
    "http://www.w3.org/TR/xhtml1/DTD/xhtml1-transitional.dtd">
<html xmlns="http://www.w3.org/1999/xhtml" xml:lang="en" lang="en">
 <head>
  <title>
</title>
<meta http-equiv="Content-Type" content="text/html;charset=utf-8" />
  <meta name='ocr-system' content='tesseract 3.04.00' />
  <meta name='ocr-capabilities' content='ocr_page ocr_carea ocr_par ocr_line ocrx_word'/>
</head>
<body>
  <div class='ocr_page' id='page_1' title='image "./operahunt02horauoft_0157.png"; bbox 0 0 1378 2534; ppageno 0'>
   <div class='ocr_carea' id='block_1_1' title="bbox 137 236 1191 280">
    <p class='ocr_par' dir='ltr' id='par_1_1' title="bbox 137 236 1191 280">
     <span class='ocr_line' id='line_1_1' title="bbox 137 236 1191 280; baseline -0.002 -1"><span class='ocrx_word' id='word_1_1' title='bbox 137 250 173 279; x_wconf 80' lang='lat' dir='ltr'>v.</span> <span class='ocrx_word' id='word_1_2' title='bbox 190 242 253 280; x_wconf 75' lang='lat'>45.</span> <span class='ocrx_word' id='word_1_3' title='bbox 460 236 569 276; x_wconf 77' lang='lat' dir='ltr'>ARS</span> <span class='ocrx_word' id='word_1_4' title='bbox 623 236 877 276; x_wconf 86' lang='lat' dir='ltr'><strong>POETICA.</strong></span> <span class='ocrx_word' id='word_1_5' title='bbox 1116 237 1191 278; x_wconf 77' lang='lat'>147</span> 
     </span>
    </p>
   </div>
   <div class='ocr_carea' id='block_1_2' title="bbox 139 346 1190 592">
    <p class='ocr_par' dir='ltr' id='par_1_2' title="bbox 139 346 1190 592">
     <span class='ocr_line' id='line_1_2' title="bbox 145 346 1190 399; baseline -0.002 -12"><span class='ocrx_word' id='word_1_6' title='bbox 145 347 238 388; x_wconf 90' lang='lat' dir='ltr'>Hoc</span> <span class='ocrx_word' id='word_1_7' title='bbox 256 354 372 395; x_wconf 82' lang='lat' dir='ltr'>amet,</span> <span class='ocrx_word' id='word_1_8' title='bbox 389 347 466 386; x_wconf 87' lang='lat' dir='ltr'>hoc</span> <span class='ocrx_word' id='word_1_9' title='bbox 484 354 638 399; x_wconf 85' lang='lat' dir='ltr'>spernat</span> <span class='ocrx_word' id='word_1_10' title='bbox 655 347 832 399; x_wconf 82' lang='lat' dir='ltr'>promissi</span> <span class='ocrx_word' id='word_1_11' title='bbox 850 346 1029 386; x_wconf 72' lang='lat' dir='ltr'><strong>carminis</strong></span> <span class='ocrx_word' id='word_1_12' title='bbox 1045 355 1190 391; x_wconf 74' lang='lat' dir='ltr'>auctor,</span> 
     </span>
     <span class='ocr_line' id='line_1_3' title="bbox 139 412 1037 463; baseline -0.003 -10"><span class='ocrx_word' id='word_1_13' title='bbox 139 413 191 453; x_wconf 79' lang='lat' dir='ltr'>-In</span> <span class='ocrx_word' id='word_1_14' title='bbox 208 412 334 452; x_wconf 84' lang='lat' dir='ltr'>verbis</span> <span class='ocrx_word' id='word_1_15' title='bbox 350 412 465 452; x_wconf 82' lang='lat' dir='ltr'>etiam</span> <span class='ocrx_word' id='word_1_16' title='bbox 482 412 609 451; x_wconf 88' lang='lat' dir='ltr'>tenuis</span> <span class='ocrx_word' id='word_1_17' title='bbox 627 419 840 463; x_wconf 83' lang='lat' dir='ltr'>cautusque</span> <span class='ocrx_word' id='word_1_18' title='bbox 854 412 1037 458; x_wconf 83' lang='lat' dir='ltr'>serendis,</span> 
     </span>
     <span class='ocr_line' id='line_1_4' title="bbox 139 476 1026 529; baseline -0.002 -13"><span class='ocrx_word' id='word_1_19' title='bbox 139 477 300 517; x_wconf 81' lang='lat' dir='ltr'>Dixeris</span> <span class='ocrx_word' id='word_1_20' title='bbox 315 477 486 529; x_wconf 85' lang='lat' dir='ltr'>egregie,</span> <span class='ocrx_word' id='word_1_21' title='bbox 513 484 647 515; x_wconf 87' lang='lat' dir='ltr'>notum</span> <span class='ocrx_word' id='word_1_22' title='bbox 666 476 697 514; x_wconf 89' lang='lat' dir='ltr'>si</span> <span class='ocrx_word' id='word_1_23' title='bbox 715 477 852 515; x_wconf 86' lang='lat' dir='ltr'>callida</span> <span class='ocrx_word' id='word_1_24' title='bbox 868 477 1026 515; x_wconf 87' lang='lat' dir='ltr'>verbum</span> 
     </span>
     <span class='ocr_line' id='line_1_5' title="bbox 139 540 1175 592; baseline -0.001 -12"><span class='ocrx_word' id='word_1_25' title='bbox 139 541 368 581; x_wconf 86' lang='lat' dir='ltr'>Reddiderit</span> <span class='ocrx_word' id='word_1_26' title='bbox 379 543 564 592; x_wconf 86' lang='lat' dir='ltr'>junctura</span> <span class='ocrx_word' id='word_1_27' title='bbox 581 554 734 579; x_wconf 89' lang='lat' dir='ltr'>novum.</span> <span class='ocrx_word' id='word_1_28' title='bbox 768 540 810 578; x_wconf 92' lang='lat' dir='ltr'>Si</span> <span class='ocrx_word' id='word_1_29' title='bbox 827 540 927 579; x_wconf 87' lang='lat' dir='ltr'>forte</span> <span class='ocrx_word' id='word_1_30' title='bbox 945 553 1103 580; x_wconf 87' lang='lat' dir='ltr'>necesse</span> <span class='ocrx_word' id='word_1_31' title='bbox 1117 547 1175 579; x_wconf 82' lang='lat' dir='ltr'>est</span> 
     </span>
    </p>
   </div>
   <div class='ocr_carea' id='block_1_3' title="bbox 82 605 1072 651">
    <p class='ocr_par' dir='ltr' id='par_1_3' title="bbox 82 605 1072 651">
     <span class='ocr_line' id='line_1_6' title="bbox 82 605 1072 651; baseline 0.002 -10"><span class='ocrx_word' id='word_1_32' title='bbox 82 636 87 641; x_wconf 89' lang='lat'>.</span> <span class='ocrx_word' id='word_1_33' title='bbox 140 606 299 646; x_wconf 83' lang='lat' dir='ltr'>Iudiciis</span> <span class='ocrx_word' id='word_1_34' title='bbox 316 615 528 644; x_wconf 87' lang='lat' dir='ltr'>monstrare</span> <span class='ocrx_word' id='word_1_35' title='bbox 546 606 766 644; x_wconf 87' lang='lat' dir='ltr'>recentibus</span> <span class='ocrx_word' id='word_1_36' title='bbox 783 605 915 644; x_wconf 81' lang='lat' dir='ltr'>abdita</span> <span class='ocrx_word' id='word_1_37' title='bbox 931 618 1072 651; x_wconf 85' lang='lat' dir='ltr'>rerum,</span> 
     </span>
    </p>
   </div>
   <div class='ocr_carea' id='block_1_4' title="bbox 130 669 1194 2199">
    <p class='ocr_par' dir='ltr' id='par_1_4' title="bbox 130 669 1194 2199">
     <span class='ocr_line' id='line_1_7' title="bbox 135 669 1004 723; baseline -0.005 -12"><span class='ocrx_word' id='word_1_38' title='bbox 135 669 305 723; x_wconf 82' lang='lat' dir='ltr'>Fingere</span> <span class='ocrx_word' id='word_1_39' title='bbox 323 671 504 710; x_wconf 89' lang='lat' dir='ltr'>cinctutis</span> <span class='ocrx_word' id='word_1_40' title='bbox 522 683 601 708; x_wconf 90' lang='lat' dir='ltr'>non</span> <span class='ocrx_word' id='word_1_41' title='bbox 619 669 802 709; x_wconf 83' lang='lat' dir='ltr'>exaudita</span> <span class='ocrx_word' id='word_1_42' title='bbox 819 669 1004 722; x_wconf 86' lang='lat' dir='ltr'>Cethegis</span> 
     </span>
     <span class='ocr_line' id='line_1_8' title="bbox 139 734 1176 787; baseline -0.002 -13"><span class='ocrx_word' id='word_1_43' title='bbox 139 735 375 787; x_wconf 86' lang='lat' dir='ltr'>Continget;</span> <span class='ocrx_word' id='word_1_44' title='bbox 394 735 625 786; x_wconf 82' lang='lat' dir='ltr'>dabiturque</span> <span class='ocrx_word' id='word_1_45' title='bbox 642 734 800 773; x_wconf 82' lang='lat' dir='ltr'>licentia</span> <span class='ocrx_word' id='word_1_46' title='bbox 815 742 942 772; x_wconf 86' lang='lat' dir='ltr'>sumta</span> <span class='ocrx_word' id='word_1_47' title='bbox 958 735 1176 786; x_wconf 86' lang='lat' dir='ltr'>pudenter;</span> 
     </span>
     <span class='ocr_line' id='line_1_9' title="bbox 138 797 1194 851; baseline -0.002 -14"><span class='ocrx_word' id='word_1_48' title='bbox 138 798 194 838; x_wconf 85' lang='lat' dir='ltr'>Et</span> <span class='ocrx_word' id='word_1_49' title='bbox 209 812 322 846; x_wconf 86' lang='lat' dir='ltr'>nova,</span> <span class='ocrx_word' id='word_1_50' title='bbox 333 799 511 851; x_wconf 84' lang='lat' dir='ltr'>factaque</span> <span class='ocrx_word' id='word_1_51' title='bbox 529 812 666 851; x_wconf 87' lang='lat' dir='ltr'>nuper,</span> <span class='ocrx_word' id='word_1_52' title='bbox 679 799 878 838; x_wconf 86' lang='lat' dir='ltr'>habebunt</span> <span class='ocrx_word' id='word_1_53' title='bbox 889 799 1006 837; x_wconf 88' lang='lat' dir='ltr'>verba</span> <span class='ocrx_word' id='word_1_54' title='bbox 1018 798 1148 844; x_wconf 87' lang='lat' dir='ltr'>fidem,</span> <span class='ocrx_word' id='word_1_55' title='bbox 1161 797 1194 836; x_wconf 87' lang='lat' dir='ltr'>si</span> 
     </span>
     <span class='ocr_line' id='line_1_10' title="bbox 138 862 1190 914; baseline 0 -12"><span class='ocrx_word' id='word_1_56' title='bbox 138 863 293 902; x_wconf 84' lang='lat' dir='ltr'>Graeco</span> <span class='ocrx_word' id='word_1_57' title='bbox 309 863 418 902; x_wconf 84' lang='lat' dir='ltr'>fonte</span> <span class='ocrx_word' id='word_1_58' title='bbox 430 863 585 910; x_wconf 80' lang='lat' dir='ltr'>cadant,</span> <span class='ocrx_word' id='word_1_59' title='bbox 603 876 718 914; x_wconf 86' lang='lat' dir='ltr'>parce</span> <span class='ocrx_word' id='word_1_60' title='bbox 732 863 897 902; x_wconf 85' lang='lat' dir='ltr'>detorta.</span> <span class='ocrx_word' id='word_1_61' title='bbox 926 862 1032 906; x_wconf 85' lang='lat' dir='ltr'>Quid</span> <span class='ocrx_word' id='word_1_62' title='bbox 1044 864 1190 902; x_wconf 77' lang='lat' dir='ltr'>autem?</span> 
     </span>
     <span class='ocr_line' id='line_1_11' title="bbox 137 927 1109 980; baseline -0.001 -13"><span class='ocrx_word' id='word_1_63' title='bbox 137 927 309 967; x_wconf 86' lang='lat' dir='ltr'>Caecilio</span> <span class='ocrx_word' id='word_1_64' title='bbox 330 927 545 980; x_wconf 78' lang='lat' dir='ltr'>Plautoque</span> <span class='ocrx_word' id='word_1_65' title='bbox 563 927 671 966; x_wconf 87' lang='lat' dir='ltr'>dabit</span> <span class='ocrx_word' id='word_1_66' title='bbox 689 928 888 966; x_wconf 89' lang='lat' dir='ltr'>Romanus</span> <span class='ocrx_word' id='word_1_67' title='bbox 915 927 1109 966; x_wconf 89' lang='lat' dir='ltr'>ademtum</span> 
     </span>
     <span class='ocr_line' id='line_1_12' title="bbox 135 988 1114 1044; baseline 0.001 -14"><span class='ocrx_word' id='word_1_68' title='bbox 135 991 300 1043; x_wconf 88' lang='lat' dir='ltr'>Virgilio</span> <span class='ocrx_word' id='word_1_69' title='bbox 320 991 539 1043; x_wconf 83' lang='lat' dir='ltr'>Varioque?</span> <span class='ocrx_word' id='word_1_70' title='bbox 569 1005 643 1043; x_wconf 89' lang='lat' dir='ltr'>ego</span> <span class='ocrx_word' id='word_1_71' title='bbox 661 1005 745 1038; x_wconf 84' lang='lat' dir='ltr'>cur,</span> <span class='ocrx_word' id='word_1_72' title='bbox 772 988 972 1043; x_wconf 73' lang='lat' dir='ltr'>acquirere</span> <span class='ocrx_word' id='word_1_73' title='bbox 988 1006 1114 1044; x_wconf 87' lang='lat' dir='ltr'>pauca</span> 
     </span>
     <span class='ocr_line' id='line_1_13' title="bbox 136 1055 1192 1108; baseline 0.001 -14"><span class='ocrx_word' id='word_1_74' title='bbox 136 1055 180 1095; x_wconf 86' lang='lat' dir='ltr'>Si</span> <span class='ocrx_word' id='word_1_75' title='bbox 196 1069 366 1108; x_wconf 86' lang='lat' dir='ltr'>possum,</span> <span class='ocrx_word' id='word_1_76' title='bbox 391 1056 576 1102; x_wconf 82' lang='lat' dir='ltr'>invideor,</span> <span class='ocrx_word' id='word_1_77' title='bbox 595 1069 683 1094; x_wconf 91' lang='lat' dir='ltr'>cum</span> <span class='ocrx_word' id='word_1_78' title='bbox 701 1057 834 1107; x_wconf 86' lang='lat' dir='ltr'>lingua</span> <span class='ocrx_word' id='word_1_79' title='bbox 851 1057 1010 1094; x_wconf 87' lang='lat' dir='ltr'>Catonis</span> <span class='ocrx_word' id='word_1_80' title='bbox 1028 1065 1068 1095; x_wconf 92' lang='lat' dir='ltr'>et</span> <span class='ocrx_word' id='word_1_81' title='bbox 1087 1056 1192 1095; x_wconf 68' lang='lat' dir='ltr'>Enni</span> 
     </span>
     <span class='ocr_line' id='line_1_14' title="bbox 138 1120 1088 1173; baseline 0.001 -14"><span class='ocrx_word' id='word_1_82' title='bbox 138 1120 363 1160; x_wconf 85' lang='lat' dir='ltr'>Sermonem</span> <span class='ocrx_word' id='word_1_83' title='bbox 379 1121 545 1173; x_wconf 87' lang='lat' dir='ltr'>patrium</span> <span class='ocrx_word' id='word_1_84' title='bbox 564 1121 757 1166; x_wconf 83' lang='lat' dir='ltr'>ditaverit,</span> <span class='ocrx_word' id='word_1_85' title='bbox 785 1128 825 1158; x_wconf 91' lang='lat' dir='ltr'>et</span> <span class='ocrx_word' id='word_1_86' title='bbox 843 1134 943 1159; x_wconf 90' lang='lat' dir='ltr'>nova</span> <span class='ocrx_word' id='word_1_87' title='bbox 960 1134 1088 1160; x_wconf 89' lang='lat' dir='ltr'>rerum</span> 
     </span>
     <span class='ocr_line' id='line_1_15' title="bbox 135 1183 1127 1236; baseline 0.001 -13"><span class='ocrx_word' id='word_1_88' title='bbox 135 1183 306 1223; x_wconf 79' lang='lat' dir='ltr'>Nomina</span> <span class='ocrx_word' id='word_1_89' title='bbox 319 1183 550 1235; x_wconf 83' lang='lat' dir='ltr'>protulerit?</span> <span class='ocrx_word' id='word_1_90' title='bbox 580 1183 723 1230; x_wconf 91' lang='lat' dir='ltr'>Licuit,</span> <span class='ocrx_word' id='word_1_91' title='bbox 751 1197 978 1236; x_wconf 85' lang='lat' dir='ltr'>semperque</span> <span class='ocrx_word' id='word_1_92' title='bbox 996 1186 1127 1224; x_wconf 87' lang='lat' dir='ltr'>licebit</span> 
     </span>
     <span class='ocr_line' id='line_1_16' title="bbox 137 1249 1074 1301; baseline 0 -13"><span class='ocrx_word' id='word_1_93' title='bbox 137 1249 339 1301; x_wconf 83' lang='lat' dir='ltr'>Signatum</span> <span class='ocrx_word' id='word_1_94' title='bbox 356 1256 558 1300; x_wconf 82' lang='lat' dir='ltr'>praesente</span> <span class='ocrx_word' id='word_1_95' title='bbox 576 1255 670 1286; x_wconf 88' lang='lat' dir='ltr'>nota</span> <span class='ocrx_word' id='word_1_96' title='bbox 687 1249 902 1300; x_wconf 86' lang='lat' dir='ltr'>procudere</span> <span class='ocrx_word' id='word_1_97' title='bbox 920 1262 1074 1288; x_wconf 89' lang='lat' dir='ltr'>nomen.</span> 
     </span>
     <span class='ocr_line' id='line_1_17' title="bbox 135 1311 1034 1364; baseline -0.002 -10"><span class='ocrx_word' id='word_1_98' title='bbox 135 1314 193 1354; x_wconf 91' lang='lat' dir='ltr'>Ut</span> <span class='ocrx_word' id='word_1_99' title='bbox 209 1313 326 1351; x_wconf 89' lang='lat' dir='ltr'>silvae</span> <span class='ocrx_word' id='word_1_100' title='bbox 342 1311 443 1350; x_wconf 85' lang='lat' dir='ltr'>foliis</span> <span class='ocrx_word' id='word_1_101' title='bbox 460 1325 602 1364; x_wconf 87' lang='lat' dir='ltr'>pronos</span> <span class='ocrx_word' id='word_1_102' title='bbox 618 1319 817 1351; x_wconf 83' lang='lat' dir='ltr'>mutantur</span> <span class='ocrx_word' id='word_1_103' title='bbox 835 1313 873 1350; x_wconf 91' lang='lat' dir='ltr'>in</span> <span class='ocrx_word' id='word_1_104' title='bbox 891 1326 1034 1359; x_wconf 86' lang='lat' dir='ltr'>annos;</span> 
     </span>
     <span class='ocr_line' id='line_1_18' title="bbox 133 1377 1161 1427; baseline 0.001 -10"><span class='ocrx_word' id='word_1_105' title='bbox 133 1378 264 1417; x_wconf 84' lang='lat' dir='ltr'>Prima</span> <span class='ocrx_word' id='word_1_106' title='bbox 281 1377 446 1416; x_wconf 85' lang='lat' dir='ltr'>cadunt:</span> <span class='ocrx_word' id='word_1_107' title='bbox 473 1378 528 1415; x_wconf 87' lang='lat' dir='ltr'>ita</span> <span class='ocrx_word' id='word_1_108' title='bbox 544 1378 748 1416; x_wconf 85' lang='lat' dir='ltr'>verborum</span> <span class='ocrx_word' id='word_1_109' title='bbox 766 1385 876 1416; x_wconf 86' lang='lat' dir='ltr'>vetus</span> <span class='ocrx_word' id='word_1_110' title='bbox 893 1378 1024 1417; x_wconf 90' lang='lat' dir='ltr'>interit</span> <span class='ocrx_word' id='word_1_111' title='bbox 1042 1387 1161 1427; x_wconf 86' lang='lat' dir='ltr'>aetas,</span> 
     </span>
     <span class='ocr_line' id='line_1_19' title="bbox 134 1441 1134 1496; baseline 0 -14"><span class='ocrx_word' id='word_1_112' title='bbox 134 1442 190 1482; x_wconf 90' lang='lat' dir='ltr'>Et</span> <span class='ocrx_word' id='word_1_113' title='bbox 201 1444 388 1493; x_wconf 84' lang='lat' dir='ltr'>juvenum</span> <span class='ocrx_word' id='word_1_114' title='bbox 405 1442 481 1480; x_wconf 87' lang='lat' dir='ltr'>ritu</span> <span class='ocrx_word' id='word_1_115' title='bbox 499 1441 640 1480; x_wconf 86' lang='lat' dir='ltr'>florent</span> <span class='ocrx_word' id='word_1_116' title='bbox 657 1442 772 1481; x_wconf 90' lang='lat' dir='ltr'>modo</span> <span class='ocrx_word' id='word_1_117' title='bbox 791 1449 895 1489; x_wconf 85' lang='lat' dir='ltr'>nata,</span> <span class='ocrx_word' id='word_1_118' title='bbox 914 1443 1134 1496; x_wconf 88' lang='lat' dir='ltr'>vigentque.</span> 
     </span>
     <span class='ocr_line' id='line_1_20' title="bbox 130 1505 1135 1559; baseline 0 -13"><span class='ocrx_word' id='word_1_119' title='bbox 130 1506 333 1546; x_wconf 81' lang='lat' dir='ltr'>Debemur</span> <span class='ocrx_word' id='word_1_120' title='bbox 348 1505 463 1544; x_wconf 86' lang='lat' dir='ltr'>morti</span> <span class='ocrx_word' id='word_1_121' title='bbox 489 1518 574 1552; x_wconf 90' lang='lat' dir='ltr'>nos,</span> <span class='ocrx_word' id='word_1_122' title='bbox 601 1513 831 1557; x_wconf 87' lang='lat' dir='ltr'>nostraque:</span> <span class='ocrx_word' id='word_1_123' title='bbox 859 1508 938 1545; x_wconf 83' lang='lat' dir='ltr'>sive</span> <span class='ocrx_word' id='word_1_124' title='bbox 956 1517 1135 1559; x_wconf 85' lang='lat' dir='ltr'>receptus</span> 
     </span>
     <span class='ocr_line' id='line_1_21' title="bbox 133 1569 1054 1621; baseline 0.001 -12"><span class='ocrx_word' id='word_1_125' title='bbox 133 1570 257 1610; x_wconf 84' lang='lat' dir='ltr'>Terra</span> <span class='ocrx_word' id='word_1_126' title='bbox 276 1570 479 1620; x_wconf 87' lang='lat' dir='ltr'>Neptunus</span> <span class='ocrx_word' id='word_1_127' title='bbox 496 1569 636 1608; x_wconf 84' lang='lat' dir='ltr'>classes</span> <span class='ocrx_word' id='word_1_128' title='bbox 654 1571 915 1621; x_wconf 91' lang='lat' dir='ltr'>Aquilonibus</span> <span class='ocrx_word' id='word_1_129' title='bbox 933 1580 1054 1619; x_wconf 88' lang='lat' dir='ltr'>arcet,</span> 
     </span>
     <span class='ocr_line' id='line_1_22' title="bbox 133 1633 1188 1686; baseline 0.003 -14"><span class='ocrx_word' id='word_1_130' title='bbox 133 1633 256 1684; x_wconf 87' lang='lat' dir='ltr'>Regis</span> <span class='ocrx_word' id='word_1_131' title='bbox 273 1646 369 1684; x_wconf 89' lang='lat' dir='ltr'>opus</span> <span class='ocrx_word' id='word_1_132' title='bbox 384 1649 393 1677; x_wconf 91' lang='lat'><strong>;</strong></span> <span class='ocrx_word' id='word_1_133' title='bbox 420 1633 634 1685; x_wconf 86' lang='lat' dir='ltr'>sterilisque</span> <span class='ocrx_word' id='word_1_134' title='bbox 651 1634 717 1672; x_wconf 86' lang='lat' dir='ltr'>diu</span> <span class='ocrx_word' id='word_1_135' title='bbox 734 1635 856 1685; x_wconf 84' lang='lat' dir='ltr'>palus,</span> <span class='ocrx_word' id='word_1_136' title='bbox 875 1643 1042 1686; x_wconf 81' lang='lat' dir='ltr'>aptaque</span> <span class='ocrx_word' id='word_1_137' title='bbox 1060 1637 1188 1685; x_wconf 89' lang='lat' dir='ltr'>remis,</span> 
     </span>
     <span class='ocr_line' id='line_1_23' title="bbox 130 1697 1067 1748; baseline 0.004 -14"><span class='ocrx_word' id='word_1_138' title='bbox 130 1697 292 1735; x_wconf 83' lang='lat' dir='ltr'>Vicinas</span> <span class='ocrx_word' id='word_1_139' title='bbox 310 1697 422 1735; x_wconf 86' lang='lat' dir='ltr'>urbes</span> <span class='ocrx_word' id='word_1_140' title='bbox 439 1697 520 1743; x_wconf 88' lang='lat' dir='ltr'>alit,</span> <span class='ocrx_word' id='word_1_141' title='bbox 548 1704 588 1734; x_wconf 86' lang='lat' dir='ltr'>et</span> <span class='ocrx_word' id='word_1_142' title='bbox 604 1709 722 1748; x_wconf 82' lang='lat' dir='ltr'>grave</span> <span class='ocrx_word' id='word_1_143' title='bbox 740 1699 856 1736; x_wconf 83' lang='lat' dir='ltr'>sentit</span> <span class='ocrx_word' id='word_1_144' title='bbox 873 1706 1067 1744; x_wconf 89' lang='lat' dir='ltr'>aratrum;</span> 
     </span>
     <span class='ocr_line' id='line_1_24' title="bbox 135 1762 1100 1815; baseline 0.002 -13"><span class='ocrx_word' id='word_1_145' title='bbox 135 1763 213 1802; x_wconf 86' lang='lat' dir='ltr'>Seu</span> <span class='ocrx_word' id='word_1_146' title='bbox 231 1775 385 1802; x_wconf 87' lang='lat' dir='ltr'>cursum</span> <span class='ocrx_word' id='word_1_147' title='bbox 402 1762 563 1800; x_wconf 75' lang='lat' dir='ltr'>mutavit</span> <span class='ocrx_word' id='word_1_148' title='bbox 581 1762 754 1813; x_wconf 87' lang='lat' dir='ltr'>iniquum</span> <span class='ocrx_word' id='word_1_149' title='bbox 771 1763 945 1815; x_wconf 86' lang='lat' dir='ltr'>frugibus</span> <span class='ocrx_word' id='word_1_150' title='bbox 963 1766 1100 1812; x_wconf 87' lang='lat' dir='ltr'>amnis,</span> 
     </span>
     <span class='ocr_line' id='line_1_25' title="bbox 132 1826 1087 1881; baseline 0.002 -14"><span class='ocrx_word' id='word_1_151' title='bbox 132 1828 285 1867; x_wconf 90' lang='lat' dir='ltr'>Doctus</span> <span class='ocrx_word' id='word_1_152' title='bbox 303 1827 376 1865; x_wconf 90' lang='lat' dir='ltr'>iter</span> <span class='ocrx_word' id='word_1_153' title='bbox 393 1826 529 1864; x_wconf 88' lang='lat' dir='ltr'>melius</span> <span class='ocrx_word' id='word_1_154' title='bbox 542 1840 554 1864; x_wconf 71' lang='grc' dir='ltr'><strong>ε</strong></span> <span class='ocrx_word' id='word_1_155' title='bbox 580 1827 756 1865; x_wconf 87' lang='lat' dir='ltr'>mortalia</span> <span class='ocrx_word' id='word_1_156' title='bbox 772 1827 875 1866; x_wconf 86' lang='lat' dir='ltr'>facta</span> <span class='ocrx_word' id='word_1_157' title='bbox 891 1830 1087 1881; x_wconf 89' lang='lat' dir='ltr'>peribunt,</span> 
     </span>
     <span class='ocr_line' id='line_1_26' title="bbox 132 1887 1117 1944; baseline 0.005 -15"><span class='ocrx_word' id='word_1_158' title='bbox 132 1891 288 1930; x_wconf 88' lang='lat' dir='ltr'>Nedum</span> <span class='ocrx_word' id='word_1_159' title='bbox 306 1904 524 1944; x_wconf 85' lang='lat' dir='ltr'>sermonum</span> <span class='ocrx_word' id='word_1_160' title='bbox 542 1897 619 1929; x_wconf 88' lang='lat' dir='ltr'>stet</span> <span class='ocrx_word' id='word_1_161' title='bbox 637 1891 773 1940; x_wconf 88' lang='lat' dir='ltr'>honos,</span> <span class='ocrx_word' id='word_1_162' title='bbox 793 1900 834 1930; x_wconf 89' lang='lat' dir='ltr'>et</span> <span class='ocrx_word' id='word_1_163' title='bbox 849 1887 974 1944; x_wconf 76' lang='lat' dir='ltr'>gratia</span> <span class='ocrx_word' id='word_1_164' title='bbox 991 1895 1117 1935; x_wconf 85' lang='lat' dir='ltr'>vivax.</span> 
     </span>
     <span class='ocr_line' id='line_1_27' title="bbox 132 1955 1185 2012; baseline 0.009 -20"><span class='ocrx_word' id='word_1_165' title='bbox 132 1955 261 1994; x_wconf 83' lang='lat' dir='ltr'>Multa</span> <span class='ocrx_word' id='word_1_166' title='bbox 269 1962 530 2001; x_wconf 85' lang='lat' dir='ltr'>renascentur,</span> <span class='ocrx_word' id='word_1_167' title='bbox 539 1968 637 2007; x_wconf 88' lang='lat' dir='ltr'>quae</span> <span class='ocrx_word' id='word_1_168' title='bbox 644 1956 724 2006; x_wconf 89' lang='lat' dir='ltr'>jam</span> <span class='ocrx_word' id='word_1_169' title='bbox 739 1957 916 1996; x_wconf 89' lang='lat' dir='ltr'>cecidere</span> <span class='ocrx_word' id='word_1_170' title='bbox 925 1974 935 2003; x_wconf 90' lang='lat'>;</span> <span class='ocrx_word' id='word_1_171' title='bbox 953 1959 1185 2012; x_wconf 88' lang='lat' dir='ltr'>cadentque,</span> 
     </span>
     <span class='ocr_line' id='line_1_28' title="bbox 131 2020 1184 2074; baseline 0.008 -18"><span class='ocrx_word' id='word_1_172' title='bbox 131 2022 242 2063; x_wconf 78' lang='lat' dir='ltr'>Quae</span> <span class='ocrx_word' id='word_1_173' title='bbox 256 2033 358 2058; x_wconf 92' lang='lat' dir='ltr'>nunc</span> <span class='ocrx_word' id='word_1_174' title='bbox 375 2027 466 2057; x_wconf 89' lang='lat' dir='ltr'>sunt</span> <span class='ocrx_word' id='word_1_175' title='bbox 477 2020 515 2057; x_wconf 93' lang='lat' dir='ltr'>in</span> <span class='ocrx_word' id='word_1_176' title='bbox 527 2020 689 2067; x_wconf 88' lang='lat' dir='ltr'>honore,</span> <span class='ocrx_word' id='word_1_177' title='bbox 704 2021 904 2069; x_wconf 85' lang='lat' dir='ltr'>vocabula,</span> <span class='ocrx_word' id='word_1_178' title='bbox 919 2023 951 2061; x_wconf 91' lang='lat' dir='ltr'>si</span> <span class='ocrx_word' id='word_1_179' title='bbox 962 2024 1065 2062; x_wconf 89' lang='lat' dir='ltr'>volet</span> <span class='ocrx_word' id='word_1_180' title='bbox 1080 2038 1184 2074; x_wconf 83' lang='lat' dir='ltr'>usus,</span> 
     </span>
     <span class='ocr_line' id='line_1_29' title="bbox 134 2084 1153 2137; baseline 0.005 -15"><span class='ocrx_word' id='word_1_181' title='bbox 134 2085 259 2128; x_wconf 81' lang='lat' dir='ltr'>Quem</span> <span class='ocrx_word' id='word_1_182' title='bbox 276 2097 394 2136; x_wconf 89' lang='lat' dir='ltr'>penes</span> <span class='ocrx_word' id='word_1_183' title='bbox 412 2084 610 2124; x_wconf 87' lang='lat' dir='ltr'>arbitrium</span> <span class='ocrx_word' id='word_1_184' title='bbox 628 2092 702 2132; x_wconf 91' lang='lat' dir='ltr'>est,</span> <span class='ocrx_word' id='word_1_185' title='bbox 729 2092 769 2124; x_wconf 89' lang='lat' dir='ltr'>et</span> <span class='ocrx_word' id='word_1_186' title='bbox 781 2087 860 2137; x_wconf 77' lang='lat' dir='ltr'>ju8‚</span> <span class='ocrx_word' id='word_1_187' title='bbox 888 2094 930 2125; x_wconf 88' lang='lat' dir='ltr'>et</span> <span class='ocrx_word' id='word_1_188' title='bbox 947 2100 1081 2126; x_wconf 83' lang='lat' dir='ltr'>norma</span> <span class='ocrx_word' id='word_1_189' title='bbox 1097 2089 1153 2127; x_wconf 89' lang='lat' dir='ltr'>lo-</span> 
     </span>
     <span class='ocr_line' id='line_1_30' title="bbox 339 2148 492 2199; baseline 0.013 -14"><span class='ocrx_word' id='word_1_190' title='bbox 339 2148 492 2199; x_wconf 84' lang='lat' dir='ltr'>quendi.</span> 
     </span>
    </p>
   </div>
  </div>
 </body>
</html>
