1378 2534
198 246 273 283 190
597 242 865 282 NOTULAE

466 332 512 358 IN
541 332 626 359 LIB.
654 333 702 360 11.
730 331 980 360 SERMONUM.

250 417 325 456 111.
342 420 427 456 183.
455 422 481 443 “
500 417 578 456 Pro
591 423 658 455 aut
671 431 805 456 aeneus
817 431 964 469 repono
977 418 1245 459 ex.veterrimo

199 487 226 505 “
253 481 436 520 Leidensi
454 488 495 519 et
514 481 754 530 Colbertino,

223 564 252 582 “
276 560 399 597 Latus
416 565 455 598 ut
471 559 509 597 in
523 559 620 597 circo
633 559 806 612 spatiere,
825 572 879 598 ΕΤ
897 570 1064 598 ΛΕΝΕυε
1083 565 1125 598 ut
1139 565 1213 598 stes
1227 574 1244 599 .-

199 656 226 674 “
253 657 297 688 ut
316 664 393 688 non
413 650 596 688 alteruter
615 656 764 688 tantum
782 650 919 696 honos,
938 649 1007 688 sed
1024 656 1188 702 uterque
1205 649 1244 688 ei

200 721 227 739 “
255 715 443 766 obtingat.
475 714 703 752 Necessaria
715 721 775 752 est
789 727 881 752 sane
895 714 993 752 haec
1008 715 1246 754 emendatio:

198 785 225 803 “
252 791 441 830 nusquam
460 778 562 816 enim
580 792 713 816 aeneus
731 778 956 830 trisyllabon
974 778 1078 830 apud
1095 785 1246 817 veteres

182 831 226 869 '“
251 851 388 896 poetas
402 843 586 889 invenias,
606 842 698 895 (nisi
712 842 813 880 forte
828 843 894 880 ubi
911 855 1027 894 prave
1042 843 1248 882 ediderunt

199 913 227 932 “
254 921 325 959 pro
344 907 494 959 aereus)
513 908 582 946 sed
600 907 743 959 ubique
762 913 829 945 aut
840 908 988 955 aeneus,
1006 913 1073 945 aut
1086 907 1245 945 a'e‘nus.”

197 972 358 1010 Bnu'rL.

250 1040 336 1076 185-
390 1036 467 1075 Pro
497 1042 539 1074 ut
560 1035 731 1088 plausus,
758 1035 1012 1074 Marklandus
1042 1035 1242 1088 ingeniose

195 1102 377 1140 emendat
395 1114 484 1139 Au'r
495 1100 665 1153 plausus.

249 1170 335 1205 188.
392 1167 539 1210 Quaero
557 1173 598 1203 et
615 1165 654 1202 in
673 1165 800 1211 editis,
825 1172 865 1203 et
883 1164 921 1202 in
945 1163 1140 1216 plerisque
1159 1177 1240 1204 om-

193 1231 307 1269 nibus
326 1230 491 1282 scriptis,
510 1230 688 1276 habetur,
716 1229 788 1266 nisi
808 1229 912 1280 quod
930 1229 970 1266 in
984 1241 1062 1267 uno
1077 1228 1243 1280 Couegii

196 1295 396 1334 Trinitatis
424 1308 611 1347 quaeram.
679 1295 736 1331 At
765 1293 1046 1332 vetustissimus
1077 1292 1241 1345 Cruquii

194 1359 421 1397 Blandinius
440 1372 461 1397 a
479 1359 602 1409 prima
617 1371 733 1396 manu
750 1357 886 1395 habuit
904 1370 1051 1408 quaere.

248 1427 335 1463 191.
390 1423 462 1460 Ed.
481 1423 612 1460 Zaroti
630 1431 670 1460 et
686 1422 836 1460 veneta
854 1421 1035 1472 princeps
1053 1432 1142 1458 cum
1156 1420 1242 1458 cod.

195 1489 306 1526 Gott.
326 1487 491 1525 Gesneri
505 1487 702 1525 reducere:
721 1486 874 1524 Veneta
887 1484 1010 1522 altera
1022 1483 1113 1522 anni
1129 1486 1242 1524 1490.

195 1567 285 1592 cum
304 1552 548 1590 Locheriana
566 1551 755 1597 deducere,
784 1549 846 1588 cui
869 1548 1099 1600 suffragatur
1125 1549 1242 1588 etiam

193 1618 282 1656 cod.
301 1617 451 1655 Zulich.
471 1615 650 1654 Bentleii.
704 1614 808 1657 Quid
827 1614 876 1652 sit
892 1613 1042 1652 classem
1065 1613 1244 1652 deducere

194 1689 337 1721 norunt
356 1688 521 1720 omnes.'
554 1681 744 1718 Reducere
761 1678 910 1717 classem
927 1684 1057 1729 potest
1087 1687 1170 1716 esse
1200 1677 1242 1716 in

195 1747 393 1785 Graeciam
411 1746 584 1784 reducere
598 1762 615 1790 ;
643 1758 735 1791 non,
764 1750 807 1781 ut
839 1740 1039 1780 Bentleius
1057 1747 1180 1793 putat,
1208 1741 1242 1780 i-

191 1818 310 1849 terum
328 1811 381 1849 ad
401 1810 439 1848 T
435 1813 565 1862 rojam.
618 1809 724 1847 Huic
755 1807 913 1847 lectioni
935 1803 1041 1844 favet
1058 1805 1241 1844 Homeri·

192 1889 283 1913 cum

636 1966 689 1978 ....
711 1955 743 1976 w
761 1936 793 1976 δ’
814 1934 922 1975 ουτ-ιδ’
938 1937 1083 1974 ἷκεν-θαι.

248 2019 334 2056 194.
388 2015 464 2053 Pro
475 2016 670 2068 putrescit,
699 2019 831 2054 omnes
862 2013 1023 2065 Cruquii
1055 2012 1169 2051 codd.
1197 2018 1238 2050 et

192 2080 388 2118 Torrentii
406 2080 534 2131 plures
552 2080 696 2118 habent
706 2078 878 2132 putescit.
932 2076 1130 2116 Utrumvis
1153 2087 1238 2115 rec-

191 2152 233 2184 te
248 2158 293 2184 se
310 2145 454 2183 habere
473 2144 635 2182 videtur.
