1378 2534
489 273 756 316 NOTULAE
1091 271 1175 315 217.

349 365 398 393 11⁸
422 363 508 392 LIB.
537 364 583 391 11.
615 361 929 393 tels-totamm.

123 453 153 474 ‘⁴
177 449 356 490 studiosis
372 457 414 489 et
429 449 554 488 doctis
571 448 747 491 omnibus
764 447 863 485 male
877 443 1069 484 consuluit
1085 444 1159 483 sci·

123 519 153 539 ‘⁴
178 515 263 553 olus
273 512 410 565 aliquis
426 513 467 551 in
485 512 679 551 eradenda
690 511 838 562 syllaba
854 510 978 562 prima
989 526 1033 549 n
1049 514 1164 547 testo·

122 581 152 602 ‘⁴
176 591 232 624 re,
249 577 290 615 in
307 589 385 615 uno
403 590 455 615 ex
485 576 593 613 libris
618 574 847 621 Blanffiniis,
878 587 1000 626 eaque
1025 567 1165 612 substi-

123 645 152 665 “
178 640 325 680 tuenda
337 653 451 692 quam
463 653 566 677 nunc
580 640 779 685 habemus,
790 638 1015 686 mirabiliter
1027 644 1087 676 est
1098 637 1166 675 de·

124 708 151 728 “
176 704 418 755 plorandum.
473 703 642 749 Deinde,
674 702 931 741 temeritatem
961 701 1099 739 stultus
1122 705 1167 738 ut

124 772 152 791 “
178 775 346 806 mutaret
359 764 509 806 inscitia
522 767 728 813 deteriore,
747 778 863 818 supra
878 765 1031 817 scripsit
1048 771 1168 803 textu-

125 837 154 856 “
178 845 262 884 que.
314 831 464 871 Codex.
484 830 554 868 Sil.
570 831 687 877 habet
712 836 869 876 terrore,
894 829 964 867 sed
988 842 1067 866 non
1084 828 1168 866 sine

125 900 153 920 ‘⁴
178 895 330 934 lituris!
332 896 346 915 ’
387 895 523 935 Cauo-
586 893 687 932 fieri
704 900 846 945 potest,
873 900 916 931 ut
932 905 1024 931 vera
1051 892 1168 944 hujus

122 957 198 998 loci
213 959 331 998 lectio
353 958 463 997 scioli
492 958 601 996 istius
629 957 847 1008 ignorantia
876 964 916 995 et
946 956 1165 1023 temeritate

123 1023 277 1075 penitus
294 1029 335 1062 et
360 1029 550 1075 perpetuo
567 1021 737 1073 perierit.

175 1085 284 1123 XIX.
304 1086 365 1124 19.
417 1085 515 1124 Coll.
529 1083 729 1123 Trinitatis
746 1085 843 1123 liber
860 1085 1057 1136 eleganter
1074 1083 1166 1122 satu

124 1149 268 1189 habet·

298 1233 683 1266 ........................ut
700 1223 791 1264 mihi
809 1237 958 1272 nunu,

180 1290 248 1332 Ur
266 1303 371 1329 uun
390 1302 521 1330 sAnu
527 1294 657 1344 jocum
675 1290 787 1328 vestri
802 1303 944 1328 movere
958 1278 1165 1328 tumultus!

172 1383 236 1420 32.
289 1381 367 1419 Pro
382 1381 486 1432 vulg.
503 1379 667 1426 Latinis,
686 1379 774 1417 libri
792 1379 926 1431 optimi
944 1380 1120 1419 Latinus.

171 1450 234 1486 34.
284 1445 453 1499 Ingeniis
476 1445 559 1484 fere
574 1445 775 1496 legebatur
799 1452 889 1482 ante
905 1444 1150 1485 Lambinum.

1009 1507 1142 1550 Gesn.

175 1574 263 1612 XX.
288 1577 326 1613 5.
378 1574 455 1613 Pro
485 1574 683 1619 discedere,
718 1585 851 1611 omnes
879 1572 963 1611 fere
993 1575 1163 1614 omnium

124 1639 214 1677 libri
230 1638 455 1676 descendere.

172 1703 211 1743 7.
253 1701 445 1752 Provulg.
455 1702 550 1753 φάε,
561 1714 694 1739 omnes
706 1701 789 1738 fere
799 1674 1046 1740 membranae
1057 1676 1160 1753 quid.

176 1762 237 1804 18.
288 1764 365 1804 Pro
384 1771 526 1811 unctus,
550 1765 654 1816 quod
671 1765 873 1816 plerasque
891 1763 1078 1804 editiones
1094 1765 1163 1804 ob-

123 1829 237 1877 sedit,
264 1829 419 1868 codices
436 1841 570 1867 omnes
588 1828 741 1866 vinctus.
783 1827 883 1866 vid.
901 1827 1030 1866 Bentl.

354 1967 401 1994 m
429 1967 514 1993 Lm.
541 1968 589 1994 11.
617 1958 929 1995 amsi-omnum.
964 1987 966 1989 .

175 2044 210 2082 1.
235 2048 273 2084 6.
322 2045 419 2084 Post
434 2046 729 2098 ingentiasacta.
780 2045 909 2085 Bentl.
935 2045 1037 2095 conj.
1047 2046 1160 2096 sata,

124 2108 150 2147 i.
166 2121 203 2154 e.
219 2115 307 2160 post
322 2116 486 2173 mortem
500 2125 511 2155 ;
537 2110 652 2157 bene,
668 2109 703 2147 si
715 2110 866 2150 abesset
884 2109 1013 2150 ιπιΟεΊον
1029 2105 1156 2162 ingeh-

182 2247 292 2288 Tou.
317 2248 371 2288 11.
515 2238 522 2243 ’
549 2239 557 2243 ”
645 2249 679 2288 E
705 2246 749 2289 ε’
