1378 2534
88 284 125 311 v.
141 275 205 311 83.
334 265 734 308 EPIsToLARUM
786 267 819 306 L
871 268 922 307 vi.
1087 270 1141 308 95

89 379 155 419 Ne
173 378 407 431 Cibyratica,
418 390 470 416 ne
487 378 659 429 Bithyna
680 377 852 428 negotia,
871 375 1033 428 perdas:

90 443 203 483 Mille
213 443 359 482 talenta
369 442 643 486 retundentur3
655 441 817 479 totidem
829 441 952 479 altera
962 453 1092 492 porro,
1097 447 1140 478 et

91 508 226 548 Tertia
241 508 465 553 succedant,
483 514 525 544 et
542 518 641 557 quae
658 517 748 556 pars
766 505 929 556 quadret
946 517 1139 543 acervum.

90 571 252 611 Scilicet
268 584 433 610 uxorem
451 584 540 610 cum
558 570 665 617 dote,
678 569 887 621 fidemque,
905 576 947 607 et
963 569 1121 616 amicos,

87 635 145 675 Et
161 649 300 689 genus,
317 643 358 674 et
375 635 553 681 formam,
571 634 707 685 regina
725 633 899 672 Pecunia
916 634 1058 679 donat3

88 701 155 740 Ac
172 702 274 739 bene
291 708 530 738 nummatum
543 699 704 737 decorat
723 698 903 744 Suadela,
917 698 1139 749 Venusque.

89 765 301 817 Mancipiis
316 764 505 816 locuples,
523 770 614 814 eget
632 762 732 801 aeris
751 762 1027 814 Cappadocum
1045 775 1116 801 rex
1127 777 1140 801 ε

91 829 155 867 Ne
172 828 294 867 fueris
310 828 375 867 hic
392 835 449 866 tu.
478 827 712 878 Chlamydes
728 826 929 873 Lucullus,
956 834 1000 864 ut
1017 827 1141 874 aiunt,

91 891 134 930 si
150 899 281 943 posset
297 899 454 931 centum
471 904 612 930 scenae
630 892 817 942 praebere
835 897 1007 941 rogatus,

90 956 168 999 Qui
185 968 342 1008 pomum
358 957 446 994 tot?
476 956 547 994 ait:
566 962 697 993 tamen
715 962 756 993 et
774 966 969 1006 quaeram,
987 962 1028 993 et
1045 964 1140 1006 quot

295 1022 463 1067 habebo,

90 1084 262 1123 Mittam.
290 1084 385 1123 Post
402 1084 531 1135 paullo
549 1083 696 1129 scribit,
720 1083 792 1121 sibi
809 1083 928 1121 millia
945 1084 1115 1135 quinque

91 1147 188 1187 Esse
205 1148 310 1186 domi
327 1148 571 1199 chlamydum
585 1163 596 1192 ;
620 1155 786 1199 partem,
803 1147 867 1185 vel
883 1147 1037 1186 tolleret
1058 1161 1140 1186 om-

295 1225 377 1251 nes.

90 1276 216 1315 Exilis
233 1277 368 1315 domus
385 1284 461 1322 est,
478 1276 544 1315 ubi
561 1289 639 1315 non
658 1283 699 1313 et
716 1276 838 1314 multa
854 1283 1075 1327 supersunt,

89 1341 145 1380 Et
160 1341 358 1380 dominum
373 1340 524 1386 fallunt,
542 1348 583 1378 et
599 1347 762 1391 prosunt
778 1339 939 1378 furibus.
966 1340 1086 1392 Ergo,

96 1405 140 1445 Si
156 1419 219 1445 res
236 1405 319 1444 sola
334 1412 463 1457 potest
479 1405 610 1444 facere
627 1411 669 1442 et
685 1416 838 1443 servare
854 1405 1026 1452 beatum,

91 1469 185 1509 Hoc
200 1470 347 1522 primus
364 1476 516 1520 repetas
529 1483 640 1520 opus,
658 1468 734 1507 hoc
744 1476 960 1520 pomremus
973 1469 1138 1509 omittas.

94 1533 138 1572 Si
154 1533 392 1573 fortumnmm
408 1534 574 1584 species,
600 1541 640 1572 et
653 1533 779 1584 gratia
794 1540 964 1584 praestat
978 1550 989 1579 ;

92 1587 320 1636 Mercemur
335 1610 503 1643 servum,
522 1597 589 1648 qui
606 1596 729 1635 dictet
745 1597 915 1644 nomina,
940 1598 1093 1637 laevum

94 1661 174 1703 Qui
190 1661 337 1699 fodicet
354 1661 468 1708 latus,
486 1669 527 1699 et
539 1668 657 1711 cogat
668 1668 773 1699 trans
783 1662 956 1712 pondera
967 1662 1143 1701 dextram

96 1726 326 1777 Porrigere:
354 1725 435 1764 Hic
451 1725 613 1763 multum
637 1724 678 1762 in
695 1724 814 1763 Fabia
829 1725 946 1772 valet,
976 1726 1042 1764 ille
1066 1727 1144 1766 Ve-

300 1789 404 1827 lina:

97 1854 171 1893 Cui
188 1854 297 1900 libet,
314 1853 347 1892 is
363 1853 488 1893 fasces
505 1853 635 1898 dabit;
660 1852 876 1905 eripietque
894 1855 1042 1902 curule,

96 1918 171 1956 Cui
188 1918 306 1964 volet,
324 1918 564 1969 importunus
581 1917 690 1956 ebur.
716 1917 864 1964 Frater,
880 1918 1010 1965 Pater,
1024 1920 1142 1958 adde:

95 1983 155 2022 Ut
172 1984 311 2034 cuique
329 1991 388 2021 est
405 1990 525 2029 aetas,
544 1983 598 2021 ita
616 1995 809 2033 quemque
822 1981 971 2021 facetus
989 1984 1143 2035 adopta.

98 2047 154 2094 Si,
172 2047 272 2086 bene
290 2047 356 2099 qui
374 2055 526 2094 coenat,
542 2048 644 2085 bene
660 2046 774 2091 vivit;
791 2046 911 2093 lucet,
929 2059 1075 2094 eamus,

97 2110 187 2152 Quo
204 2110 311 2148 ducit
329 2111 440 2162 gula:
465 2112 672 2162 piscemur,
689 2123 889 2157 venemur,
907 2118 951 2148 ut
969 2112 1060 2149 olim

98 2173 308 2231 Gargilius,
333 2176 401 2226 qui
417 2188 530 2215 mane
548 2176 694 2227 plagas,
711 2175 913 2223 venabula,
931 2189 1074 2222 servos,
