<?xml version="1.0" encoding="UTF-8"?>
<!DOCTYPE html PUBLIC "-//W3C//DTD XHTML 1.0 Transitional//EN"
    "http://www.w3.org/TR/xhtml1/DTD/xhtml1-transitional.dtd">
<html xmlns="http://www.w3.org/1999/xhtml" xml:lang="en" lang="en">
 <head>
  <title>
</title>
<meta http-equiv="Content-Type" content="text/html;charset=utf-8" />
  <meta name='ocr-system' content='tesseract 3.04.00' />
  <meta name='ocr-capabilities' content='ocr_page ocr_carea ocr_par ocr_line ocrx_word'/>
</head>
<body>
  <div class='ocr_page' id='page_1' title='image "./operahunt02horauoft_0104.png"; bbox 0 0 1378 2534; ppageno 0'>
   <div class='ocr_carea' id='block_1_1' title="bbox 178 225 1230 270">
    <p class='ocr_par' dir='ltr' id='par_1_1' title="bbox 178 225 1230 270">
     <span class='ocr_line' id='line_1_1' title="bbox 178 225 1230 270; baseline 0.005 -6"><span class='ocrx_word' id='word_1_1' title='bbox 178 233 229 270; x_wconf 74' lang='grc'>94-</span> <span class='ocrx_word' id='word_1_2' title='bbox 395 225 797 266; x_wconf 84' lang='lat' dir='ltr'><strong>EPISTOLARUM</strong></span> <span class='ocrx_word' id='word_1_3' title='bbox 847 226 880 265; x_wconf 84' lang='grc' dir='ltr'>Ι.</span> <span class='ocrx_word' id='word_1_4' title='bbox 933 227 983 267; x_wconf 86' lang='lat' dir='ltr'>vi.</span> <span class='ocrx_word' id='word_1_5' title='bbox 1137 231 1230 269; x_wconf 64' lang='lat' dir='ltr'><strong>v.6;</strong></span> 
     </span>
    </p>
   </div>
   <div class='ocr_carea' id='block_1_2' title="bbox 156 337 1225 2197">
    <p class='ocr_par' dir='ltr' id='par_1_2' title="bbox 156 337 1225 2197">
     <span class='ocr_line' id='line_1_2' title="bbox 178 337 1199 383; baseline 0 -5"><span class='ocrx_word' id='word_1_6' title='bbox 178 339 283 383; x_wconf 84' lang='lat' dir='ltr'><strong>Quid</strong></span> <span class='ocrx_word' id='word_1_7' title='bbox 300 338 414 377; x_wconf 86' lang='lat' dir='ltr'>maris</span> <span class='ocrx_word' id='word_1_8' title='bbox 431 345 626 376; x_wconf 86' lang='lat' dir='ltr'>extremos</span> <span class='ocrx_word' id='word_1_9' title='bbox 646 337 796 375; x_wconf 85' lang='lat' dir='ltr'>Arabas</span> <span class='ocrx_word' id='word_1_10' title='bbox 813 337 970 378; x_wconf 81' lang='lat' dir='ltr'>ditantis</span> <span class='ocrx_word' id='word_1_11' title='bbox 987 345 1028 376; x_wconf 87' lang='lat' dir='ltr'>et</span> <span class='ocrx_word' id='word_1_12' title='bbox 1050 337 1199 378; x_wconf 75' lang='lat' dir='ltr'>Indos?</span> 
     </span>
     <span class='ocr_line' id='line_1_3' title="bbox 177 402 1176 454; baseline -0.003 -10"><span class='ocrx_word' id='word_1_13' title='bbox 177 405 348 444; x_wconf 84' lang='lat' dir='ltr'>Ludicra</span> <span class='ocrx_word' id='word_1_14' title='bbox 366 403 472 454; x_wconf 90' lang='lat' dir='ltr'>quid,</span> <span class='ocrx_word' id='word_1_15' title='bbox 491 403 660 454; x_wconf 64' lang='lat' dir='ltr'>plauszis,</span> <span class='ocrx_word' id='word_1_16' title='bbox 678 409 718 440; x_wconf 94' lang='lat' dir='ltr'>et</span> <span class='ocrx_word' id='word_1_17' title='bbox 734 402 848 440; x_wconf 84' lang='lat' dir='ltr'>amici</span> <span class='ocrx_word' id='word_1_18' title='bbox 866 402 968 441; x_wconf 89' lang='lat' dir='ltr'>dona</span> <span class='ocrx_word' id='word_1_19' title='bbox 985 402 1176 445; x_wconf 76' lang='lat' dir='ltr'>Quiritis?</span> 
     </span>
     <span class='ocr_line' id='line_1_4' title="bbox 174 467 1212 520; baseline -0.001 -12"><span class='ocrx_word' id='word_1_20' title='bbox 174 472 263 513; x_wconf 79' lang='lat' dir='ltr'>Quo</span> <span class='ocrx_word' id='word_1_21' title='bbox 281 467 492 520; x_wconf 83' lang='lat' dir='ltr'>spectanda</span> <span class='ocrx_word' id='word_1_22' title='bbox 507 467 637 513; x_wconf 91' lang='lat' dir='ltr'>modo,</span> <span class='ocrx_word' id='word_1_23' title='bbox 652 480 730 518; x_wconf 95' lang='lat' dir='ltr'>quo</span> <span class='ocrx_word' id='word_1_24' title='bbox 747 479 876 515; x_wconf 88' lang='lat' dir='ltr'>sensu,</span> <span class='ocrx_word' id='word_1_25' title='bbox 901 467 1041 515; x_wconf 90' lang='lat' dir='ltr'>credis,</span> <span class='ocrx_word' id='word_1_26' title='bbox 1058 475 1100 506; x_wconf 88' lang='lat' dir='ltr'>et</span> <span class='ocrx_word' id='word_1_27' title='bbox 1117 468 1212 507; x_wconf 72' lang='lat' dir='ltr'>ore?</span> 
     </span>
     <span class='ocr_line' id='line_1_5' title="bbox 177 531 1095 579; baseline 0 -9"><span class='ocrx_word' id='word_1_28' title='bbox 177 535 255 577; x_wconf 84' lang='lat' dir='ltr'>Qui</span> <span class='ocrx_word' id='word_1_29' title='bbox 273 533 385 570; x_wconf 89' lang='lat' dir='ltr'>timet</span> <span class='ocrx_word' id='word_1_30' title='bbox 402 532 461 569; x_wconf 89' lang='lat' dir='ltr'>his</span> <span class='ocrx_word' id='word_1_31' title='bbox 479 532 652 578; x_wconf 86' lang='lat' dir='ltr'>adversa,</span> <span class='ocrx_word' id='word_1_32' title='bbox 667 531 749 569; x_wconf 89' lang='lat' dir='ltr'>fere</span> <span class='ocrx_word' id='word_1_33' title='bbox 767 531 926 570; x_wconf 81' lang='lat' dir='ltr'>miratur</span> <span class='ocrx_word' id='word_1_34' title='bbox 943 532 1095 579; x_wconf 88' lang='lat' dir='ltr'>eodem,</span> 
     </span>
     <span class='ocr_line' id='line_1_6' title="bbox 173 596 1224 649; baseline -0.002 -11"><span class='ocrx_word' id='word_1_35' title='bbox 173 602 264 643; x_wconf 80' lang='lat' dir='ltr'>Quo</span> <span class='ocrx_word' id='word_1_36' title='bbox 277 598 448 649; x_wconf 85' lang='lat' dir='ltr'>cupiens,</span> <span class='ocrx_word' id='word_1_37' title='bbox 461 603 594 648; x_wconf 87' lang='lat' dir='ltr'>pacto:</span> <span class='ocrx_word' id='word_1_38' title='bbox 609 609 727 648; x_wconf 87' lang='lat' dir='ltr'>pavor</span> <span class='ocrx_word' id='word_1_39' title='bbox 739 603 798 634; x_wconf 86' lang='lat' dir='ltr'>est</span> <span class='ocrx_word' id='word_1_40' title='bbox 810 596 1015 648; x_wconf 83' lang='lat' dir='ltr'><strong>utrobique</strong></span> <span class='ocrx_word' id='word_1_41' title='bbox 1026 597 1224 636; x_wconf 88' lang='lat' dir='ltr'>molestus:</span> 
     </span>
     <span class='ocr_line' id='line_1_7' title="bbox 174 661 1109 716; baseline -0.002 -14"><span class='ocrx_word' id='word_1_42' title='bbox 174 663 386 716; x_wconf 89' lang='lat' dir='ltr'>Improvisa</span> <span class='ocrx_word' id='word_1_43' title='bbox 403 661 515 699; x_wconf 90' lang='lat' dir='ltr'>simul</span> <span class='ocrx_word' id='word_1_44' title='bbox 533 661 683 712; x_wconf 85' lang='lat' dir='ltr'>species</span> <span class='ocrx_word' id='word_1_45' title='bbox 701 668 872 700; x_wconf 86' lang='lat' dir='ltr'>exterret</span> <span class='ocrx_word' id='word_1_46' title='bbox 889 669 1109 713; x_wconf 87' lang='lat' dir='ltr'>utrumque.</span> 
     </span>
     <span class='ocr_line' id='line_1_8' title="bbox 175 725 1225 779; baseline -0.002 -12"><span class='ocrx_word' id='word_1_47' title='bbox 175 729 370 775; x_wconf 87' lang='lat' dir='ltr'>Gaudeat,</span> <span class='ocrx_word' id='word_1_48' title='bbox 401 740 450 765; x_wconf 88' lang='lat' dir='ltr'>an</span> <span class='ocrx_word' id='word_1_49' title='bbox 469 726 613 773; x_wconf 77' lang='lat' dir='ltr'>doleat,</span> <span class='ocrx_word' id='word_1_50' title='bbox 641 726 784 778; x_wconf 88' lang='lat' dir='ltr'>cupiat,</span> <span class='ocrx_word' id='word_1_51' title='bbox 810 732 1024 773; x_wconf 83' lang='lat' dir='ltr'>metuatne‚</span> <span class='ocrx_word' id='word_1_52' title='bbox 1054 725 1149 779; x_wconf 89' lang='lat' dir='ltr'>quid</span> <span class='ocrx_word' id='word_1_53' title='bbox 1175 725 1225 765; x_wconf 79' lang='lat' dir='ltr'>ad</span> 
     </span>
     <span class='ocr_line' id='line_1_9' title="bbox 378 804 481 835; baseline -0.01 -6"><span class='ocrx_word' id='word_1_54' title='bbox 378 804 481 835; x_wconf 89' lang='lat' dir='ltr'>rem;</span> 
     </span>
     <span class='ocr_line' id='line_1_10' title="bbox 174 855 1067 909; baseline -0.003 -12"><span class='ocrx_word' id='word_1_55' title='bbox 174 859 230 905; x_wconf 78' lang='lat' dir='ltr'>Si,</span> <span class='ocrx_word' id='word_1_56' title='bbox 250 856 437 909; x_wconf 91' lang='lat' dir='ltr'>quidquid</span> <span class='ocrx_word' id='word_1_57' title='bbox 454 855 550 893; x_wconf 87' lang='lat' dir='ltr'>vidit</span> <span class='ocrx_word' id='word_1_58' title='bbox 567 855 704 893; x_wconf 85' lang='lat' dir='ltr'>melius</span> <span class='ocrx_word' id='word_1_59' title='bbox 722 857 880 907; x_wconf 89' lang='lat' dir='ltr'>pejusve</span> <span class='ocrx_word' id='word_1_60' title='bbox 898 868 968 894; x_wconf 87' lang='lat' dir='ltr'>sua</span> <span class='ocrx_word' id='word_1_61' title='bbox 984 868 1067 908; x_wconf 89' lang='lat' dir='ltr'>spe,</span> 
     </span>
     <span class='ocr_line' id='line_1_11' title="bbox 170 920 1118 971; baseline -0.003 -10"><span class='ocrx_word' id='word_1_62' title='bbox 170 922 323 962; x_wconf 88' lang='lat' dir='ltr'>Defixis</span> <span class='ocrx_word' id='word_1_63' title='bbox 341 920 476 966; x_wconf 91' lang='lat' dir='ltr'>oculis,</span> <span class='ocrx_word' id='word_1_64' title='bbox 495 920 699 971; x_wconf 90' lang='lat' dir='ltr'>animoque</span> <span class='ocrx_word' id='word_1_65' title='bbox 717 926 757 957; x_wconf 92' lang='lat' dir='ltr'>et</span> <span class='ocrx_word' id='word_1_66' title='bbox 775 932 937 970; x_wconf 64' lang='lat' dir='ltr'>corpore</span> <span class='ocrx_word' id='word_1_67' title='bbox 960 920 1118 971; x_wconf 80' lang='lat' dir='ltr'>torpet?</span> 
     </span>
     <span class='ocr_line' id='line_1_12' title="bbox 170 983 1081 1037; baseline -0.004 -11"><span class='ocrx_word' id='word_1_68' title='bbox 170 986 301 1026; x_wconf 81' lang='lat' dir='ltr'>Insani</span> <span class='ocrx_word' id='word_1_69' title='bbox 319 985 471 1037; x_wconf 84' lang='lat' dir='ltr'>sapiens</span> <span class='ocrx_word' id='word_1_70' title='bbox 489 997 630 1022; x_wconf 89' lang='lat' dir='ltr'>nomen</span> <span class='ocrx_word' id='word_1_71' title='bbox 647 983 761 1030; x_wconf 87' lang='lat' dir='ltr'>ferat,</span> <span class='ocrx_word' id='word_1_72' title='bbox 780 996 926 1035; x_wconf 84' lang='lat' dir='ltr'>aequus</span> <span class='ocrx_word' id='word_1_73' title='bbox 944 983 1081 1036; x_wconf 89' lang='lat' dir='ltr'>iniqui,</span> 
     </span>
     <span class='ocr_line' id='line_1_13' title="bbox 171 1047 1143 1102; baseline -0.003 -12"><span class='ocrx_word' id='word_1_74' title='bbox 171 1052 287 1091; x_wconf 87' lang='lat' dir='ltr'>Ultra</span> <span class='ocrx_word' id='word_1_75' title='bbox 304 1063 419 1102; x_wconf 88' lang='lat' dir='ltr'>quam</span> <span class='ocrx_word' id='word_1_76' title='bbox 436 1049 529 1087; x_wconf 86' lang='lat' dir='ltr'>satis</span> <span class='ocrx_word' id='word_1_77' title='bbox 547 1056 618 1095; x_wconf 90' lang='lat' dir='ltr'>est,</span> <span class='ocrx_word' id='word_1_78' title='bbox 636 1048 819 1086; x_wconf 89' lang='lat' dir='ltr'>virtutem</span> <span class='ocrx_word' id='word_1_79' title='bbox 838 1047 868 1086; x_wconf 92' lang='lat' dir='ltr'>si</span> <span class='ocrx_word' id='word_1_80' title='bbox 882 1054 992 1099; x_wconf 80' lang='lat' dir='ltr'>petat</span> <span class='ocrx_word' id='word_1_81' title='bbox 1009 1048 1143 1100; x_wconf 82' lang='lat' dir='ltr'><strong>ipsam.</strong></span> 
     </span>
     <span class='ocr_line' id='line_1_14' title="bbox 169 1116 1222 1166; baseline -0.001 -12"><span class='ocrx_word' id='word_1_82' title='bbox 169 1116 189 1154; x_wconf 95' lang='lat'>1</span> <span class='ocrx_word' id='word_1_83' title='bbox 209 1128 328 1162; x_wconf 84' lang='lat' dir='ltr'>nunc,</span> <span class='ocrx_word' id='word_1_84' title='bbox 345 1121 563 1166; x_wconf 79' lang='lat' dir='ltr'>argentum,</span> <span class='ocrx_word' id='word_1_85' title='bbox 592 1119 633 1151; x_wconf 91' lang='lat' dir='ltr'>et</span> <span class='ocrx_word' id='word_1_86' title='bbox 649 1125 818 1151; x_wconf 86' lang='lat' dir='ltr'>marmor</span> <span class='ocrx_word' id='word_1_87' title='bbox 834 1119 958 1160; x_wconf 89' lang='lat' dir='ltr'>vetus,</span> <span class='ocrx_word' id='word_1_88' title='bbox 975 1124 1156 1165; x_wconf 83' lang='lat' dir='ltr'>aeraque,</span> <span class='ocrx_word' id='word_1_89' title='bbox 1180 1119 1222 1153; x_wconf 74' lang='lat' dir='ltr'>et</span> 
     </span>
     <span class='ocr_line' id='line_1_15' title="bbox 374 1186 490 1226; baseline -0.009 -9"><span class='ocrx_word' id='word_1_90' title='bbox 374 1186 490 1226; x_wconf 86' lang='lat' dir='ltr'>artes,</span> 
     </span>
     <span class='ocr_line' id='line_1_16' title="bbox 170 1242 1158 1296; baseline -0.002 -12"><span class='ocrx_word' id='word_1_91' title='bbox 170 1245 330 1296; x_wconf 88' lang='lat' dir='ltr'>Suspice</span> <span class='ocrx_word' id='word_1_92' title='bbox 345 1260 355 1289; x_wconf 90' lang='lat'>;</span> <span class='ocrx_word' id='word_1_93' title='bbox 382 1257 471 1281; x_wconf 91' lang='lat' dir='ltr'>cum</span> <span class='ocrx_word' id='word_1_94' title='bbox 489 1243 652 1294; x_wconf 89' lang='lat' dir='ltr'>gemmis</span> <span class='ocrx_word' id='word_1_95' title='bbox 671 1243 809 1294; x_wconf 87' lang='lat' dir='ltr'>Tyrios</span> <span class='ocrx_word' id='word_1_96' title='bbox 826 1242 965 1281; x_wconf 85' lang='lat' dir='ltr'>mirare</span> <span class='ocrx_word' id='word_1_97' title='bbox 983 1243 1158 1288; x_wconf 85' lang='lat' dir='ltr'>colores;</span> 
     </span>
     <span class='ocr_line' id='line_1_17' title="bbox 167 1307 1201 1360; baseline -0.002 -12"><span class='ocrx_word' id='word_1_98' title='bbox 167 1310 320 1355; x_wconf 84' lang='lat' dir='ltr'>Gaude,</span> <span class='ocrx_word' id='word_1_99' title='bbox 337 1308 440 1360; x_wconf 91' lang='lat' dir='ltr'>quod</span> <span class='ocrx_word' id='word_1_100' title='bbox 458 1315 635 1359; x_wconf 87' lang='lat' dir='ltr'>spectant</span> <span class='ocrx_word' id='word_1_101' title='bbox 653 1307 755 1346; x_wconf 88' lang='lat' dir='ltr'>oculi</span> <span class='ocrx_word' id='word_1_102' title='bbox 774 1315 814 1346; x_wconf 85' lang='lat' dir='ltr'>te</span> <span class='ocrx_word' id='word_1_103' title='bbox 833 1308 936 1345; x_wconf 90' lang='lat' dir='ltr'>mille</span> <span class='ocrx_word' id='word_1_104' title='bbox 954 1308 1201 1359; x_wconf 88' lang='lat' dir='ltr'>loquentem;</span> 
     </span>
     <span class='ocr_line' id='line_1_18' title="bbox 166 1366 1216 1422; baseline 0 -11"><span class='ocrx_word' id='word_1_105' title='bbox 166 1373 326 1411; x_wconf 88' lang='lat' dir='ltr'>Gnavus</span> <span class='ocrx_word' id='word_1_106' title='bbox 344 1366 456 1409; x_wconf 86' lang='lat' dir='ltr'>mane</span> <span class='ocrx_word' id='word_1_107' title='bbox 474 1371 613 1417; x_wconf 86' lang='lat' dir='ltr'>forum,</span> <span class='ocrx_word' id='word_1_108' title='bbox 634 1378 674 1409; x_wconf 89' lang='lat' dir='ltr'>et</span> <span class='ocrx_word' id='word_1_109' title='bbox 687 1371 930 1422; x_wconf 88' lang='lat' dir='ltr'>vespertinus</span> <span class='ocrx_word' id='word_1_110' title='bbox 943 1378 1035 1422; x_wconf 91' lang='lat' dir='ltr'>pete</span> <span class='ocrx_word' id='word_1_111' title='bbox 1053 1379 1216 1420; x_wconf 87' lang='lat' dir='ltr'>tectum,</span> 
     </span>
     <span class='ocr_line' id='line_1_19' title="bbox 164 1436 1024 1488; baseline -0.003 -12"><span class='ocrx_word' id='word_1_112' title='bbox 164 1438 228 1476; x_wconf 92' lang='lat' dir='ltr'>Ne</span> <span class='ocrx_word' id='word_1_113' title='bbox 245 1438 330 1488; x_wconf 88' lang='lat' dir='ltr'>plus</span> <span class='ocrx_word' id='word_1_114' title='bbox 346 1436 530 1474; x_wconf 85' lang='lat' dir='ltr'>frumenti</span> <span class='ocrx_word' id='word_1_115' title='bbox 549 1436 740 1474; x_wconf 81' lang='lat' dir='ltr'>dotalibus</span> <span class='ocrx_word' id='word_1_116' title='bbox 759 1443 904 1474; x_wconf 82' lang='lat' dir='ltr'>emetat</span> <span class='ocrx_word' id='word_1_117' title='bbox 921 1436 1024 1487; x_wconf 83' lang='lat' dir='ltr'>agris</span> 
     </span>
     <span class='ocr_line' id='line_1_20' title="bbox 161 1500 1162 1552; baseline 0.002 -12"><span class='ocrx_word' id='word_1_118' title='bbox 161 1502 311 1548; x_wconf 87' lang='lat' dir='ltr'>Mutus,</span> <span class='ocrx_word' id='word_1_119' title='bbox 331 1508 386 1547; x_wconf 87' lang='lat' dir='ltr'>et,</span> <span class='ocrx_word' id='word_1_120' title='bbox 403 1500 603 1551; x_wconf 86' lang='lat' dir='ltr'>indignum</span> <span class='ocrx_word' id='word_1_121' title='bbox 622 1500 727 1551; x_wconf 91' lang='lat' dir='ltr'>quod</span> <span class='ocrx_word' id='word_1_122' title='bbox 744 1500 807 1547; x_wconf 89' lang='lat' dir='ltr'>sit,</span> <span class='ocrx_word' id='word_1_123' title='bbox 825 1501 1022 1552; x_wconf 84' lang='lat' dir='ltr'>pejoribus</span> <span class='ocrx_word' id='word_1_124' title='bbox 1040 1508 1162 1549; x_wconf 88' lang='lat' dir='ltr'>ortus,</span> 
     </span>
     <span class='ocr_line' id='line_1_21' title="bbox 162 1565 1049 1616; baseline 0 -12"><span class='ocrx_word' id='word_1_125' title='bbox 162 1567 242 1605; x_wconf 85' lang='lat' dir='ltr'>Hic</span> <span class='ocrx_word' id='word_1_126' title='bbox 260 1566 330 1604; x_wconf 86' lang='lat' dir='ltr'>tibi</span> <span class='ocrx_word' id='word_1_127' title='bbox 348 1565 397 1604; x_wconf 88' lang='lat' dir='ltr'>sit</span> <span class='ocrx_word' id='word_1_128' title='bbox 415 1565 558 1616; x_wconf 90' lang='lat' dir='ltr'>potius,</span> <span class='ocrx_word' id='word_1_129' title='bbox 585 1577 699 1616; x_wconf 86' lang='lat' dir='ltr'>quam</span> <span class='ocrx_word' id='word_1_130' title='bbox 717 1571 762 1603; x_wconf 92' lang='lat' dir='ltr'>tu</span> <span class='ocrx_word' id='word_1_131' title='bbox 780 1565 963 1603; x_wconf 85' lang='lat' dir='ltr'>mirabilis</span> <span class='ocrx_word' id='word_1_132' title='bbox 980 1565 1049 1604; x_wconf 84' lang='lat' dir='ltr'>illi.</span> 
     </span>
     <span class='ocr_line' id='line_1_22' title="bbox 161 1629 1212 1682; baseline 0.001 -13"><span class='ocrx_word' id='word_1_133' title='bbox 161 1631 360 1682; x_wconf 80' lang='lat' dir='ltr'>Quidquid</span> <span class='ocrx_word' id='word_1_134' title='bbox 377 1630 447 1668; x_wconf 88' lang='lat' dir='ltr'>sub</span> <span class='ocrx_word' id='word_1_135' title='bbox 462 1637 565 1667; x_wconf 86' lang='lat' dir='ltr'>terra</span> <span class='ocrx_word' id='word_1_136' title='bbox 575 1638 648 1677; x_wconf 88' lang='lat' dir='ltr'>est,</span> <span class='ocrx_word' id='word_1_137' title='bbox 663 1630 702 1667; x_wconf 89' lang='lat' dir='ltr'>in</span> <span class='ocrx_word' id='word_1_138' title='bbox 715 1630 888 1682; x_wconf 86' lang='lat' dir='ltr'>apricum</span> <span class='ocrx_word' id='word_1_139' title='bbox 902 1629 1076 1682; x_wconf 84' lang='lat' dir='ltr'>proferet</span> <span class='ocrx_word' id='word_1_140' title='bbox 1089 1637 1212 1677; x_wconf 81' lang='lat' dir='ltr'>aetas;</span> 
     </span>
     <span class='ocr_line' id='line_1_23' title="bbox 161 1688 1184 1745; baseline 0.001 -12"><span class='ocrx_word' id='word_1_141' title='bbox 161 1695 350 1733; x_wconf 91' lang='lat' dir='ltr'>Defodiet</span> <span class='ocrx_word' id='word_1_142' title='bbox 368 1688 587 1745; x_wconf 67' lang='lat' dir='ltr'>condetipxe</span> <span class='ocrx_word' id='word_1_143' title='bbox 606 1694 782 1732; x_wconf 77' lang='lat' dir='ltr'>nitentia.</span> <span class='ocrx_word' id='word_1_144' title='bbox 811 1694 911 1732; x_wconf 91' lang='lat' dir='ltr'>Cum</span> <span class='ocrx_word' id='word_1_145' title='bbox 928 1694 1029 1733; x_wconf 91' lang='lat' dir='ltr'>bene</span> <span class='ocrx_word' id='word_1_146' title='bbox 1047 1701 1184 1734; x_wconf 88' lang='lat' dir='ltr'>notum</span> 
     </span>
     <span class='ocr_line' id='line_1_24' title="bbox 158 1758 1186 1810; baseline -0.003 -12"><span class='ocrx_word' id='word_1_147' title='bbox 158 1760 337 1798; x_wconf 84' lang='lat' dir='ltr'>Porticus</span> <span class='ocrx_word' id='word_1_148' title='bbox 355 1759 569 1810; x_wconf 87' lang='lat' dir='ltr'>Agrippae,</span> <span class='ocrx_word' id='word_1_149' title='bbox 588 1765 628 1797; x_wconf 93' lang='lat' dir='ltr'>et</span> <span class='ocrx_word' id='word_1_150' title='bbox 646 1758 708 1795; x_wconf 87' lang='lat' dir='ltr'>via</span> <span class='ocrx_word' id='word_1_151' title='bbox 725 1766 764 1796; x_wconf 88' lang='lat' dir='ltr'>te</span> <span class='ocrx_word' id='word_1_152' title='bbox 784 1758 1032 1810; x_wconf 87' lang='lat' dir='ltr'>conspexerit</span> <span class='ocrx_word' id='word_1_153' title='bbox 1051 1759 1186 1810; x_wconf 69' lang='lat' dir='ltr'>Appig</span> 
     </span>
     <span class='ocr_line' id='line_1_25' title="bbox 156 1823 1177 1874; baseline -0.002 -11"><span class='ocrx_word' id='word_1_154' title='bbox 156 1825 222 1863; x_wconf 88' lang='lat' dir='ltr'>Ire</span> <span class='ocrx_word' id='word_1_155' title='bbox 239 1832 368 1862; x_wconf 90' lang='lat' dir='ltr'>tamen</span> <span class='ocrx_word' id='word_1_156' title='bbox 387 1830 519 1870; x_wconf 82' lang='lat' dir='ltr'>restat,</span> <span class='ocrx_word' id='word_1_157' title='bbox 539 1823 668 1861; x_wconf 87' lang='lat' dir='ltr'>Numa</span> <span class='ocrx_word' id='word_1_158' title='bbox 686 1837 763 1874; x_wconf 93' lang='lat' dir='ltr'>quo</span> <span class='ocrx_word' id='word_1_159' title='bbox 781 1823 950 1870; x_wconf 87' lang='lat' dir='ltr'>devenit,</span> <span class='ocrx_word' id='word_1_160' title='bbox 968 1829 1010 1861; x_wconf 95' lang='lat' dir='ltr'>et</span> <span class='ocrx_word' id='word_1_161' title='bbox 1028 1823 1177 1862; x_wconf 88' lang='lat' dir='ltr'>Ancus.</span> 
     </span>
     <span class='ocr_line' id='line_1_26' title="bbox 161 1888 1056 1935; baseline 0 -9"><span class='ocrx_word' id='word_1_162' title='bbox 161 1889 201 1927; x_wconf 90' lang='lat' dir='ltr'>Si</span> <span class='ocrx_word' id='word_1_163' title='bbox 220 1889 319 1926; x_wconf 86' lang='lat' dir='ltr'>latus</span> <span class='ocrx_word' id='word_1_164' title='bbox 339 1895 406 1926; x_wconf 89' lang='lat' dir='ltr'>aut</span> <span class='ocrx_word' id='word_1_165' title='bbox 424 1901 536 1925; x_wconf 87' lang='lat' dir='ltr'>renes</span> <span class='ocrx_word' id='word_1_166' title='bbox 554 1888 690 1926; x_wconf 88' lang='lat' dir='ltr'>morbo</span> <span class='ocrx_word' id='word_1_167' title='bbox 708 1894 908 1926; x_wconf 83' lang='lat' dir='ltr'>tentantur</span> <span class='ocrx_word' id='word_1_168' title='bbox 925 1894 1056 1935; x_wconf 87' lang='lat' dir='ltr'>acuto,</span> 
     </span>
     <span class='ocr_line' id='line_1_27' title="bbox 156 1951 1208 2004; baseline 0.003 -14"><span class='ocrx_word' id='word_1_169' title='bbox 156 1954 310 1995; x_wconf 79' lang='lat' dir='ltr'>Quaere</span> <span class='ocrx_word' id='word_1_170' title='bbox 321 1951 452 2002; x_wconf 85' lang='lat' dir='ltr'>fugam</span> <span class='ocrx_word' id='word_1_171' title='bbox 466 1952 601 1990; x_wconf 87' lang='lat' dir='ltr'>morbi.</span> <span class='ocrx_word' id='word_1_172' title='bbox 621 1952 689 1990; x_wconf 92' lang='lat' dir='ltr'>Vis</span> <span class='ocrx_word' id='word_1_173' title='bbox 704 1959 812 1991; x_wconf 89' lang='lat' dir='ltr'>recte</span> <span class='ocrx_word' id='word_1_174' title='bbox 826 1952 954 1990; x_wconf 84' lang='lat' dir='ltr'>vivere</span> <span class='ocrx_word' id='word_1_175' title='bbox 969 1952 983 1990; x_wconf 77' lang='grc' dir='ltr'><strong><em>ἓ</em></strong></span> <span class='ocrx_word' id='word_1_176' title='bbox 1004 1952 1090 2004; x_wconf 87' lang='lat' dir='ltr'>quis</span> <span class='ocrx_word' id='word_1_177' title='bbox 1100 1953 1208 1993; x_wconf 75' lang='lat' dir='ltr'>non?</span> 
     </span>
     <span class='ocr_line' id='line_1_28' title="bbox 158 2016 1106 2068; baseline 0 -13"><span class='ocrx_word' id='word_1_178' title='bbox 158 2017 200 2056; x_wconf 81' lang='lat' dir='ltr'>si</span> <span class='ocrx_word' id='word_1_179' title='bbox 217 2018 338 2055; x_wconf 81' lang='lat' dir='ltr'>virtus</span> <span class='ocrx_word' id='word_1_180' title='bbox 355 2016 430 2054; x_wconf 90' lang='lat' dir='ltr'>hoc</span> <span class='ocrx_word' id='word_1_181' title='bbox 449 2029 526 2055; x_wconf 84' lang='lat' dir='ltr'>una</span> <span class='ocrx_word' id='word_1_182' title='bbox 543 2024 673 2068; x_wconf 88' lang='lat' dir='ltr'>potest</span> <span class='ocrx_word' id='word_1_183' title='bbox 691 2017 797 2063; x_wconf 87' lang='lat' dir='ltr'>dare,</span> <span class='ocrx_word' id='word_1_184' title='bbox 823 2016 933 2054; x_wconf 90' lang='lat' dir='ltr'>fortis</span> <span class='ocrx_word' id='word_1_185' title='bbox 956 2016 1106 2056; x_wconf 81' lang='lat' dir='ltr'>omissis</span> 
     </span>
     <span class='ocr_line' id='line_1_29' title="bbox 157 2066 1088 2132; baseline -0.001 -13"><span class='ocrx_word' id='word_1_186' title='bbox 157 2080 249 2120; x_wconf 89' lang='lat' dir='ltr'>Hoc</span> <span class='ocrx_word' id='word_1_187' title='bbox 266 2094 338 2132; x_wconf 83' lang='lat' dir='ltr'>age</span> <span class='ocrx_word' id='word_1_188' title='bbox 358 2080 517 2118; x_wconf 90' lang='lat' dir='ltr'>deliciis.</span> <span class='ocrx_word' id='word_1_189' title='bbox 545 2080 739 2119; x_wconf 90' lang='lat' dir='ltr'>Virtutem</span> <span class='ocrx_word' id='word_1_190' title='bbox 757 2066 874 2119; x_wconf 67' lang='lat' dir='ltr'>verba</span> <span class='ocrx_word' id='word_1_191' title='bbox 891 2088 1016 2132; x_wconf 90' lang='lat' dir='ltr'>putes,</span> <span class='ocrx_word' id='word_1_192' title='bbox 1042 2087 1088 2119; x_wconf 89' lang='lat' dir='ltr'>ut</span> 
     </span>
     <span class='ocr_line' id='line_1_30' title="bbox 156 2144 1102 2197; baseline 0 -14"><span class='ocrx_word' id='word_1_193' title='bbox 156 2145 308 2184; x_wconf 87' lang='lat' dir='ltr'>Lucum</span> <span class='ocrx_word' id='word_1_194' title='bbox 326 2145 445 2197; x_wconf 83' lang='lat' dir='ltr'>ligna,</span> <span class='ocrx_word' id='word_1_195' title='bbox 472 2157 565 2184; x_wconf 87' lang='lat' dir='ltr'>cave</span> <span class='ocrx_word' id='word_1_196' title='bbox 585 2158 634 2184; x_wconf 89' lang='lat' dir='ltr'>ne</span> <span class='ocrx_word' id='word_1_197' title='bbox 653 2152 787 2197; x_wconf 87' lang='lat' dir='ltr'>portus</span> <span class='ocrx_word' id='word_1_198' title='bbox 805 2151 972 2197; x_wconf 85' lang='lat' dir='ltr'>occupet</span> <span class='ocrx_word' id='word_1_199' title='bbox 990 2144 1102 2192; x_wconf 86' lang='lat' dir='ltr'>alter,</span> 
     </span>
    </p>
   </div>
  </div>
 </body>
</html>
