1378 2534
522 258 789 300 NOTULAE
1101 262 1176 301 189

398 347 445 374 m
470 348 556 374 Lu.
584 348 632 375 11.
660 347 909 375 SERMONUM·

180 437 208 458 ‘⁸
221 433 339 472 Ferre
354 431 439 472 sinu
456 431 554 480 laxo,
573 433 727 479 donare,
746 438 780 470 et
799 443 994 470 pennen
1013 431 1133 471 vidie’

129 509 255 550 Recte
274 509 408 562 utique
425 510 657 548 sententiam
685 509 854 548 auctoris
871 509 975 561 cepit
991 510 1050 548 vir
1080 509 1171 548 doc-

127 581 213 620 tus;
241 574 324 621 sed,
351 574 443 613 dum
462 574 511 612 de
530 587 652 625 puero
671 574 834 614 nucibus
851 574 1013 626 talisque
1035 574 1173 613 luden-

126 645 168 676 te
186 639 390 690 cogitaret,
417 638 467 676 ad
485 651 599 689 quam
627 637 822 675 notionem
840 645 971 676 vetere
989 637 1173 676 scholias-

127 709 166 740 te
184 709 395 754 praeeunte
414 701 605 740 deductus
623 709 696 748 est,
725 715 765 740 se
791 702 994 740 verborum
1013 709 1172 753 syntax·
1203 717 1221 745 χ

124 766 164 803 in
182 779 383 818 perperam
413 765 655 804 constituisse
686 778 736 803 ne
766 765 981 816 suspicatus
1013 765 1170 816 quidem

124 837 196 868 est.
248 825 399 868 Revera
411 843 461 868 ne
475 830 634 868 verbum
649 829 804 880 quidem
826 828 1010 867 Horatius
1029 828 1078 866 de
1096 842 1168 880 pu·
1203 855 1206 857 >

124 907 192 932 ero
211 905 337 932 nius
356 906 611 946 nucmusque
628 893 775 932 ludente
791 909 805 932 .·
834 906 960 944 neque
979 893 1072 931 vitio
1104 892 1169 931 hic

125 958 192 996 dat
210 966 320 1011 pater
338 959 444 997 Aulo
462 958 595 1005 filiolo,
622 958 725 1010 quod
753 969 809 995 11s
840 957 994 995 luderet.
1057 956 1171 996 Haec

125 1023 229 1061 enim
246 1030 306 1062 est
323 1023 526 1060 verborum
554 1023 740 1074 syntaxiS‚
770 1029 811 1060 et
840 1022 916 1059 hoc
935 1022 1050 1060 modo
1069 1021 1170 1059 inter

123 1101 166 1126 se
185 1088 416 1126 cohaerent:
445 1088 649 1138 Postquam
667 1092 715 1132 te,
742 1084 852 1132 Aule,
881 1085 975 1124 talos
993 1098 1171 1137 nucesque

105 1153 223 1203 serre
239 1151 323 1189 sinu
340 1151 680 1202 laxo,—postquam
707 1155 756 1196 te,
786 1147 895 1195 Aule,
922 1148 1015 1187 talos
1044 1162 1169 1186 nuces-

122 1228 192 1267 que
208 1215 434 1253 donare—et
445 1220 641 1267 postquam
659 1220 709 1260 te,
730 1212 839 1260 Aule,
860 1224 996 1250 TALos
1017 1224 1168 1250 nuces·

122 1293 193 1332 que
209 1291 380 1318 mmmm
400 1279 489 1317 mili.
540 1279 630 1317 Jam
654 1278 747 1329 quid
778 1284 837 1315 est
867 1276 961 1315 talos
990 1289 1169 1328 nucesque

122 1342 279 1382 ludere?
317 1344 441 1391 Idem,
473 1344 514 1381 ni
544 1343 670 1390 fallor,
707 1343 811 1394 quod
842 1342 940 1380 talos
970 1354 1168 1393 nucesque

122 1409 311 1459 perdere;
336 1415 379 1446 ut
410 1407 536 1446 ludere
553 1421 700 1459 operam
718 1414 776 1445 est
806 1406 969 1458 perdere
999 1419 1169 1457 operam.

121 1471 171 1509 In
195 1478 386 1524 pertusum
422 1472 621 1524 ingerimus
656 1471 755 1510 dicta
785 1469 949 1509 dolium.-
988 1481 1166 1508 OPERAM

123 1546 329 1573 LUDIMUS.
381 1534 507 1573 Plaut.
526 1535 665 1573 Pseud.
684 1534 716 1573 Ι.
735 1535 787 1572 iii.
816 1538 901 1573 135.
954 1534 1078 1572 Immo
1110 1533 1166 1571 lu·
1228 1582 1238 1586 q

121 1598 209 1635 dere
236 1598 301 1635 hic
318 1598 401 1648 ipso
412 1592 573 1650 perdere
591 1599 804 1650 elegantius
834 1598 1000 1644 videtur,
1030 1604 1165 1649 utpote

121 1661 298 1712 puerulo,
330 1661 395 1712 qui
421 1661 592 1709 ludendo,
621 1663 700 1700 siv'e
711 1676 784 1714 per
809 1661 940 1708 lusum,
968 1661 1066 1699 talos
1094 1674 1166 1698 nu-

122 1738 265 1776 cesque
275 1726 465 1777 perderet,
493 1726 794 1765 convenientius.
847 1726 961 1772 Nam,
981 1726 1085 1776 quod
1102 1724 1167 1764 hic

121 1789 304 1840 puerulus
323 1803 400 1827 non
419 1789 458 1827 in
478 1790 558 1841 ipso
577 1791 663 1828 lusu
681 1797 830 1828 tantum
849 1789 945 1828 talos
968 1802 1165 1841 nucesque

121 1853 314 1904 perderet,
341 1854 410 1892 sed
428 1854 544 1892 etiam
572 1861 683 1892 extra
701 1854 838 1900 lusum,
866 1867 936 1905 per
967 1853 1165 1905 negligen-

121 1917 214 1953 tiam
233 1917 395 1964 scilicet,
423 1926 463 1955 et
494 1919 696 1965 incuriam,
727 1918 781 1964 id,
814 1918 855 1955 ni
883 1917 1009 1964 fallor,
1038 1918 1165 1956 verbis

104 1981 221 2030 ferre
237 1981 320 2019 sinu
338 1980 421 2020 laxo
435 1984 514 2032 jam
533 1983 623 2020 satis
656 1981 864 2020 indicatum
893 1989 964 2020 est.
1027 1982 1164 2033 Itaque

120 2042 190 2081 viri
210 2045 314 2082 docti
333 2047 615 2094 emendatione,
644 2053 687 2084 ut
705 2046 814 2084 nobis
838 2047 1003 2093 videtur,
1032 2059 1164 2084 carere

119 2121 342 2158 possumus3
369 2117 412 2147 ut
430 2118 470 2148 et
489 2110 774 2161 Cuninghamii,
794 2110 858 2162 qui
877 2111 1025 2148 credere
1042 2110 1165 2149 edidit

122 2171 237 2210 etiam
255 2185 306 2210 ex
321 2175 553 2224 conjectura.
605 2173 821 2213 Wakefield
843 2175 950 2213 dedit
967 2174 1163 2227 effundere.
