1378 2534
99 267 217 310 1⁴92.
303 300 308 304 .
353 264 671 309 SERMONUM
720 265 777 304 11.
827 265 881 304 iii.
1094 269 1146 306 5³

102 376 328 429 Pan-petiam
341 376 490 422 viti-m,
514 383 559 415 a
572 375 678 414 cavit
694 375 788 414 nihil
805 375 953 418 acrium
970 382 1028 421 ut,
1044 374 1077 414 si

102 441 134 479 F
134 449 217 484 otte
227 441 358 482 {fiius
374 440 546 492 locuples
563 430 640 479 uno
658 441 868 492 quadrante
886 439 1041 491 periret,

102 504 190 556 Ipse
206 505 398 545 videretur
414 504 486 545 sibi
502 505 687 556 nequior:
704 504 828 544 omnis
844 503 946 542 enim
962 517 1039 552 res,

102 568 246 616 Virtus,
261 562 377 616 ἣκει,
395 569 527 615 decus,
545 569 673 607 divina
689 569 928 620 humanaque
945 567 1114 620 pulchris

101 631 255 672 Divitiis
272 641 432 684 parent3
459 646 551 685 quas
569 633 635 684 qui
654 633 925 679 construxerit,
951 633 1015 671 iile
1038 635 1146 683 [rex,

103 698 238 738 Clarus
254 698 341 744 erit,
359 697 482 744 fortis,
504 698 918 749 justus—Sapiensne?
951 698 1089 743 Etiam,
1107 705 1148 736 et

60 807 61 810 Ἰ
103 760 157 799 Et
175 762 360 813 quidquid
375 763 490 801 volet.
518 762 622 808 Hoc,
647 762 765 800 veluti
781 762 920 800 virtute
933 769 1121 813 paratum,

105 824 279 877 speravit
293 838 455 878 magnae
471 825 574 864 laudi
591 826 687 865 fore.
714 826 818 869 Quid
835 826 955 864 simile
973 826 1036 864 isti

104 889 278 930 Graecus
294 891 527 943 Aristippus,
554 890 620 942 qui
637 903 767 929 servos
782 891 971 942 projicere
987 903 1123 930 aurum

103 953 151 992 In
167 954 294 997 media
305 955 419 1006 jamsit
435 955 572 1007 Libya,
599 955 689 1006 quia
705 954 849 994 tardius
866 955 978 1001 irent,

99 1016 382 1069 Propterea-n
395 1020 560 1070 segnes?
592 1019 691 1058 Uter
707 1026 766 1057 est
782 1019 948 1057 insanior
964 1018 1126 1057 horum.
1114 1018 1129 1045 >

105 1081 172 1121 Nil
185 1081 271 1132 agit
284 1081 518 1132 exemplum,
546 1080 652 1119 litem
670 1082 775 1132 quod
792 1082 858 1120 lite
875 1083 1041 1121 resolvit.

108 1143 149 1182 Si
167 1144 252 1196 quis
268 1152 370 1183 emat
387 1145 563 1191 citharas,
581 1153 701 1185 emtas
719 1153 932 1196 comportet
949 1145 988 1183 in
1007 1157 1137 1193 unum,

107 1209 194 1253 Nec
206 1209 336 1250 studio
353 1209 522 1248 citharae
536 1222 609 1248 nec
625 1223 756 1248 musae
772 1209 925 1248 deditus
942 1210 1033 1255 ulli;

108 1273 150 1312 Si
167 1274 314 1325 scalpra
329 1286 376 1312 ae
392 1273 532 1312 formas
550 1287 627 1312 non
644 1282 773 1318 sutor3
799 1274 954 1313 nautica
969 1275 1055 1313 vela

106 1339 276 1378 Avernus
293 1338 540 1383 mercaturis3
565 1337 705 1376 delirus
732 1346 772 1377 et
788 1352 918 1378 amens

106 1402 288 1454 Undique
304 1402 455 1441 dicatur
471 1402 619 1441 merito.
646 1403 723 1446 Qui
742 1403 934 1455 discrepat
949 1404 1044 1452 istis,

106 1467 186 1510 Qui
197 1479 371 1507 nummos
387 1479 596 1518 aurumque
613 1468 801 1514 recondit,
827 1469 978 1507 nescius
997 1469 1052 1507 uti

107 1531 353 1583 Compositis,
362 1539 613 1583 metuensque
626 1533 730 1570 velut
743 1533 966 1584 contingere
979 1534 1149 1572 sacrum?

111 1594 152 1633 Si
171 1595 255 1646 quis
270 1595 321 1633 ad
338 1595 532 1646 ingentem
548 1595 730 1634 frumenti
746 1609 896 1648 semper
912 1610 1092 1636 acervum

109 1658 316 1698 Porreotus
327 1659 472 1710 vigilet,
488 1673 578 1698 cum
595 1660 712 1711 longo
729 1660 845 1707 fuste,
863 1674 988 1712 neque
1004 1661 1109 1700 illinc

110 1722 268 1763 Audeat
283 1723 453 1762 esuriens
467 1723 644 1762 dominus
661 1724 885 1775 contingere
902 1737 1077 1775 granum,

97 1788 174 1834 ⁴,Ac
190 1787 318 1838 potius
333 1786 434 1827 foliis
450 1800 587 1839 parcus
602 1795 778 1826 vescatur
792 1788 950 1834 amaris;

112 1850 167 1896 Si,
184 1850 316 1901 positis
332 1851 434 1890 intus
450 1851 539 1890 Chii
556 1852 768 1903 veterisque
786 1851 935 1891 Falerni

111 1913 221 1954 Mille
234 1915 366 1960 cadim
384 1915 477 1953 nihil
495 1923 566 1962 est,
585 1924 798 1955 tercentum
815 1917 992 1964 millibus,
1010 1930 1099 1957 acre

112 1976 228 2016 Putet
243 1986 395 2018 acetum
407 1995 418 2023 ;
433 1992 521 2030 age,
534 1979 565 2018 si
582 1987 623 2018 et
639 1979 854 2018 stramentis
866 1979 1023 2020 incubet
1036 1981 1153 2020 unde·

113 2039 325 2092 Octoginta
340 2055 459 2082 annos
477 2051 602 2090 natus,
618 2043 682 2082 cui
698 2044 866 2095 stragula
881 2045 1009 2092 vestis,

114 2105 326 2145 mattarum
342 2120 388 2146 ac
405 2108 591 2146 tinearum
609 2109 757 2160 epulae,
775 2117 969 2160 putrescat
986 2111 1026 2148 in
1043 2124 1154 2150 arca:

115 2170 305 2210 Nimirum
323 2172 474 2212 insanus
491 2173 622 2225 paucis
638 2173 823 2221 videatur,
850 2188 898 2213 eo
916 2176 1020 2227 quod
