1378 2534
524 238 792 280 NOTULAE
1114 239 1189 278 165

415 330 463 356 nt
488 330 574 356 Lm.
602 330 631 356 1.
659 327 913 356 saltuosos(-

137 422 165 441 “
192 427 275 454 nas
293 427 487 463 orssnAM,
513 428 627 467 quam
660 427 788 452 sumas
805 413 846 451 in
863 410 1067 452 retinenda
1093 410 1190 450 ami·

134 486 163 505 ‘¹
190 481 283 520 citia
299 488 567 532 cognatorum,
594 492 691 531 quos
721 478 828 516 nulla
845 477 1089 529 benignitate
1120 476 1190 515 de·

135 550 164 570 “
189 545 329 584 mereri
347 545 480 583 studes
493 546 540 583 ?”
579 543 751 590 Miraris,
770 542 802 581 si
817 555 895 580 non
910 548 1063 580 tantum
1077 540 1189 587 iliud,

133 620 268 648 verum
286 609 361 648 hoc
379 609 510 654 etiam,
538 608 608 646 tibi
627 607 795 654 eveniat,
823 619 941 658 quum
958 612 1004 644 tu
1026 602 1189 657 pecuni-

134 685 198 712 am
216 674 331 712 rebus
348 673 526 712 omnibus
544 679 756 724 anteponas
772 673 787 710 ἓ

185 737 219 776 1.
245 741 308 778 92.
364 739 539 790 Cumque,
563 750 635 788 pro
653 750 809 790 quoque,
836 749 971 775 omnes
987 735 1072 775 fere
1100 733 1188 774 libri

135 799 282 855 ὲετῐρῑῐ,
309 809 387 841 vet.
405 802 527 841 schol.
541 801 717 853 Cruquii,
744 804 814 840 ὅτε.

185 870 250 908 95.
302 867 380 905 Pro
410 866 575 920 quidam,
614 866 745 903 Bentl.
773 865 974 917 ingeniose
1005 865 1071 918 qui
1098 871 1190 912 tam,

136 933 242 985 quod
259 945 348 971 cum
367 931 564 982 Cuningh.
583 930 621 968 in
641 937 871 969 contextum
892 931 1124 982 recepimus.

190 999 278 1035 101.
331 996 408 1034 Pro
430 996 607 1041 Naevius,
635 994 828 1033 editiones
854 1002 1006 1033 veteres
1035 1002 1077 1032 et
1107 994 1193 1046 qui-

137 1060 226 1098 dam
257 1060 372 1099 codd.
392 1059 542 1098 Mevius
556 1076 572 1104 ,-
602 1059 705 1097 unde
726 1059 855 1096 Bentl.
874 1059 977 1108 conj.
996 1058 1191 1105 Maenius,

138 1125 205 1177 qui
223 1138 275 1163 ex
294 1125 418 1176 Epist.
435 1124 470 1162 I.
491 1127 551 1164 15.
570 1132 686 1162 notus
704 1130 764 1162 est
781 1122 971 1161 luxuriae.
998 1121 1088 1160 Vid.
1106 1123 1193 1173 ejus

137 1198 270 1229 notam
288 1189 338 1228 ad
355 1203 392 1227 v.
413 1192 499 1228 100.

189 1257 276 1293 108.
329 1254 467 1292 Codex
480 1252 769 1305 antiquissimus
784 1251 1012 1290 Blandinius
1026 1250 1190 1303 Cruquii

136 1319 255 1357 habet
273 1317 344 1371 qui'
357 1332 460 1356 nemo
479 1324 521 1356 ut
537 1331 687 1356 avarus.

187 1383 242 1421 11.
269 1387 332 1422 33.
384 1382 463 1421 Pro
480 1388 593 1430 tetra,
621 1388 724 1421 tenta
742 1383 845 1433 conj.
866 1395 1048 1434 anonym.
1066 1380 1107 1420 in
1125 1380 1202 1419 ed.-

138 1447 309 1499 Sandby.

189 1515 253 1558 38.
306 1513 388 1550 Alii
404 1512 572 1551 moechis.

187 1580 252 1615 46.
306 1577 435 1615 Bentl.
451 1577 671 1615 demeterent
672 1578 804 1628 ferro.

187 1643 253 1679 48.
308 1641 387 1678 Alii
405 1641 444 1678 in
463 1654 567 1692 quas.

188 1708 253 1744 49.
306 1705 383 1743 Pro
401 1711 456 1751 at,
485 1704 574 1742 MS.
592 1717 690 1742 unus
708 1711 776 1742 aut
794 1704 893 1742 alter
911 1709 963 1742 ut.

188 1772 252 1809 56.
306 1769 451 1807 Mimae
467 1783 612 1807 censum
629 1769 781 1807 donavit
798 1782 937 1807 avarae
962 1768 1051 1806 coll.
1072 1768 1164 1806 Sax.

188 1837 253 1873 68.
307 1834 384 1872 Pro
402 1833 573 1880 videntis,
600 1832 729 1884 plures
747 1833 779 1871 si
811 1846 889 1871 non
909 1846 1044 1871 omnes
1068 1833 1189 1871 MSS.

138 1898 289 1951 uidenti.
341 1897 403 1936 Ita
421 1898 537 1936 etiam
556 1898 645 1935 edd.
673 1898 830 1949 primae.

192 1965 255 2000 81.
308 1962 415 2000 Huic
433 1962 555 2001 nobili
582 1970 795 2010 matronae,
820 1963 914 2002 licet
927 1964 1059 2013 jaceat
1090 1962 1192 2000 inter

142 2039 312 2076 gemmas
329 2033 370 2064 et
387 2027 628 2078 margaritas,
655 2027 779 2065 femur
794 2027 881 2066 ideo
902 2026 1020 2080 (hoc)
1035 2040 1112 2065 non
1131 2033 1192 2065 est

143 2091 265 2141 magis
283 2098 474 2139 tenerum,
501 2105 629 2144 neque
662 2105 750 2131 crus
767 2092 910 2131 rectius
940 2107 1049 2145 quam
1073 2099 1190 2139 tuum,

146 2154 344 2193 Cerintho.
397 2156 462 2195 Sic
481 2164 575 2196 vett.
600 2157 736 2196 scholi·
791 2162 818 2181 “
841 2157 958 2202 Quam
971 2164 1073 2195 tuum
1088 2157 1204 2195 idem·
