1378 2534
210 247 287 284 214
607 243 874 284 NOTULAE

457 332 504 360 m
532 332 616 359 mn.
646 334 674 359 1.
703 334 1019 363 EplsToLARUM.

213 418 355 456 minem
373 419 601 457 mendosum
617 418 888 458 medicandum
906 433 1012 466 esse;
1029 433 1107 459 non
1126 433 1262 461 sanum

214 496 238 520 a
254 483 355 521 vitiis
372 483 592 534 Sapientiae
611 484 902 524 medicamentis
914 498 1045 537 egere.
1101 486 1260 525 Retine-

213 560 298 584 mus
325 554 455 585 tamen
481 548 701 594 mendacem,
732 561 831 600 quae
858 549 974 588 lectio
1001 550 1167 601 vulgaris
1186 558 1262 598 est,

212 626 404 664 quamque
430 619 590 651 tuentur
617 613 798 664 permulti
818 627 868 652 ex
886 614 991 653 libris
1008 615 1174 666 scriptis,
1204 623 1261 663 ut,

211 689 402 728 perpenso
421 677 539 715 totius
566 678 750 729 epistolae
778 691 897 729 scopo
915 685 1032 731 atque
1049 692 1167 725 nexu,
1193 680 1261 718 ad-

209 740 287 779 'nuc
303 741 506 792 dispiciant
522 743 677 788 eruditi,
699 750 827 781 utrum
844 743 1030 782 Horatius
1042 744 1091 782 de
1105 744 1260 783 homine

209 805 275 856 qui
290 806 495 845 mendosus
510 806 748 857 simpliciter,
762 821 808 846 ac
819 807 980 858 proinde
995 808 1260 856 medicandus,

210 877 315 920 agat,
334 870 383 907 de
403 883 450 908 eo
464 871 579 909 etiam
601 871 666 922 qui
682 870 818 918 ulcera,
837 872 916 910 sive
934 872 1074 910 menda
1092 885 1174 918 sua,
1186 885 1260 911 non
1370 901 1375 904 -

208 933 311 980 celet,
339 935 422 981 sed,
442 942 623 986 tanquam
642 936 844 974 veritatem
863 937 1030 983 medico,
1050 936 1115 988 qui
1133 949 1257 975 reme-

206 998 312 1035 dium
338 999 521 1038 adhibere
547 1000 680 1051 possit,
718 1001 908 1046 fateatur;
935 1014 985 1040 an
1012 1001 1061 1039 de
1086 1001 1258 1048 homine,

206 1064 286 1114 qui,
315 1062 487 1115 quamvis
514 1066 721 1103 mendosus
748 1066 811 1112 sit,
839 1079 890 1104 ex
908 1066 1010 1104 malo
1037 1073 1167 1104 tamen
1185 1062 1257 1118 pu-

204 1128 312 1174 dore,
340 1131 410 1167 &c.
437 1129 773 1181 occultam-febrem
801 1130 1018 1178 dissimulet,
1045 1143 1163 1182 seque
1182 1143 1255 1182 pro

202 1194 306 1232 bono
326 1201 366 1231 et
383 1194 578 1245 prudenti,
597 1208 667 1245 pro
682 1196 855 1246 sapiente
868 1202 908 1233 et
927 1195 1147 1242 emendato,
1164 1208 1254 1246 pro-

203 1257 296 1295 bare
316 1258 423 1304 velit,
443 1258 586 1309 quique
605 1258 703 1296 adeo
721 1266 912 1310 perpetuo
932 1270 1205 1298 MENTIATUR.

254 1322 361 1359 XVI.
381 1326 444 1360 43.
478 1323 554 1360 Pro
567 1323 670 1373 vulg.
684 1337 912 1375 responsore,
925 1323 1012 1362 cod.
1023 1323 1252 1361 veterrimus

202 1385 427 1424 Blandinius
447 1387 606 1438 Cruquii
625 1401 684 1425 res
701 1401 886 1438 sponsore,
915 1387 1139 1425 rectissime.
1190 1386 1255 1425 Ita

204 1450 373 1497 Persius,
393 1458 603 1502 perpetuus
622 1451 743 1488 nostri
762 1451 954 1489 imitator:

252 1567 561 1579 .......................
566 1541 700 1578 Marco
721 1552 971 1578 SPONDENTE
990 1554 1138 1580 recusas

252 1604 413 1642 Credere
423 1611 463 1642 tu
475 1605 662 1642 nummos?
689 1605 825 1643 Marco
837 1604 901 1643 sub
913 1604 1224 1658 sumcnpalles?

251 1669 410 1707 Marcus
430 1668 576 1706 mxt'r?
606 1668 659 1706 ita
679 1675 744 1707 est.
1102 1668 1182 1707 Sat.
1201 1667 1250 1706 V.

248 1761 311 1797 46.
366 1759 442 1796 Pro
461 1759 574 1805 dicat,
604 1759 716 1796 codd.
747 1758 902 1810 quidam
921 1758 1042 1804 dicim
1071 1771 1170 1796 unus
1195 1771 1247 1796 ex

198 1823 436 1861 Bentleianis
455 1824 562 1861 dicet.

248 1891 311 1926 49.
366 1887 441 1925 Pro
456 1887 592 1934 renuit,
613 1894 726 1939 negat
744 1894 854 1940 atque
871 1886 1051 1929 Sabellus,
1071 1886 1248 1925 dedimus

197 1965 247 1990 ex
266 1960 405 1989 veterr.
425 1952 559 1989 Bland.
584 1953 758 2003 Cruquii,
779 1961 819 1990 et
835 1951 999 1989 Bentleii
1019 1949 1244 2001 Reginensi‚

196 2016 333 2062 renuit,
352 2016 566 2068 negitatque
588 2016 765 2054 Sabellus.
822 2017 932 2054 Unus
951 2029 1000 2054 ex
1019 2014 1245 2054 Bersmanni

197 2079 311 2117 codd.
331 2080 446 2117 habet
468 2081 660 2132 renuitque
679 2087 872 2133 negatque.

245 2147 311 2185 61.
365 2144 441 2182 Pro
446 2147 594 2198 justum
612 2151 864 2197 sanctumque,
885 2144 1100 2197 complures
1118 2144 1243 2183 bonae
