1378 2534
218 255 294 292 206
608 255 873 294 NOTULAE

463 344 509 370 m
538 343 622 370 Lm.
650 345 678 370 1.
706 344 1022 372 EpisTOLAnUM.

220 428 412 479 Cruquius
430 429 573 467 edidit:

676 522 918 534 .................
939 495 994 533 At
1010 509 1071 533 vos

271 558 385 595 Heu!
402 557 543 596 calidus
557 559 721 610 sanguis,
736 558 829 596 heu!
847 571 969 596 rerum
982 558 1127 596 inscitia
1142 566 1260 607 vexa,

216 626 286 661 διε.
304 625 491 674 probante
511 624 699 661 Gesnero.

267 687 337 725 IV.
364 691 400 727 7.
455 687 680 725 Torrentius
698 687 875 726 dederant
902 688 941 726 in
973 689 1151 727 omnibus
1181 689 1260 728 suis
1329 735 1334 742 ι

217 752 330 789 codd.
350 752 537 790 invenisse
561 751 713 789 videtur
742 760 894 803 praeter
926 753 1044 798 duos;
1083 753 1259 792 dederant

216 816 329 853 ctiam
350 829 448 853 unus
467 829 516 853 ex
533 817 782 867 Cruquianis:
802 830 916 868 quam
930 817 1135 856 lectionem
1149 830 1259 868 prae-

213 880 383 925 tulimus,
411 881 499 931 quia
517 889 777 931 praecesserat
794 895 889 918 eras.
943 881 1023 919 Alii
1041 882 1231 920 dederunt.

264 947 300 982 9.
356 944 431 981 Pro
450 945 552 994 vulg.
571 935 694 996 qicam,
713 945 888 983 dedimus
907 945 973 997 qui
990 946 1094 997 quod
1112 946 1258 984 hahent

214 1016 378 1060 quatuor
397 1009 509 1047 codd.
529 1009 723 1046 Blandinii
749 1010 853 1072 opud
874 1010 1100 1062 Cruquium,
1134 1017 1174 1048 et
1191 1023 1257 1049 ve-

211 1074 390 1111 terrimus
432 1074 599 1111 Bentleii
639 1074 878 1112 Graevianus
924 1087 1012 1113 cum
1055 1075 1256 1114 vossiano.
1315 1094 1322 1098 ·

211 1137 301 1175 Vid.
321 1138 448 1176 Bentl.

265 1205 326 1239 11.
379 1202 430 1239 Et
450 1202 606 1240 mundus
623 1203 739 1240 victus
765 1203 859 1241 editi
891 1217 1024 1242 omnes
1054 1216 1144 1241 cum
1174 1215 1254 1242 ma-

206 1268 292 1316 jore
311 1273 420 1317 parte
439 1267 630 1305 codicum.
675 1267 860 1305 Nonnulli
874 1268 1020 1305 habent
1038 1267 1090 1306 Et
1109 1257 1253 1306 Μουυὲ

209 1337 244 1367 et
262 1331 376 1368 victus
390 1347 407 1375 ;
436 1332 538 1368 unde
558 1331 757 1369 Bentleius
774 1332 828 1369 Et
846 1343 989 1370 Domus
1009 1338 1046 1370 et
1067 1332 1184 1370 victus
1213 1344 1253 1370 e-

207 1395 316 1433 didit.

259 1458 308 1496 V.
339 1463 371 1496 l.
426 1459 620 1497 Archai‘cis
646 1459 801 1510 quidem
820 1460 964 1498 habent
995 1460 1083 1498 edd.
1100 1467 1194 1498 vett.
1211 1468 1254 1499 at

208 1524 321 1562 codd.
339 1524 455 1574 prisci
474 1537 606 1561 omnes
626 1523 832 1571 Archiacis,
851 1524 899 1562 ab
915 1524 1063 1562 Archia
1074 1523 1184 1562 fabro
1196 1523 1253 1564 sic

208 1588 334 1625 dictis.
387 1587 476 1625 Vid.
495 1588 623 1625 Bentl.

262 1653 322 1689 1⁴2.
376 1652 578 1692 Fortunam
599 1652 716 1690 codd.
732 1653 911 1703 quidam:
939 1659 979 1691 at
993 1653 1081 1691 edd.
1098 1659 1193 1692 vett.
1211 1661 1251 1692 et

206 1716 362 1753 codices
376 1716 550 1768 plerique
547 1718 716 1768 jbrtuna
731 1733 748 1762 ;
769 1717 870 1755 unde
886 1717 1066 1755 Muretus
1065 1719 1252 1769 ‚fortunas

204 1781 338 1818 edidit.
728 1779 732 1783 ’
1072 1806 1075 1809 -

262 1846 320 1885 17.
374 1845 534 1883 Inertem
553 1845 667 1883 codd.
694 1845 886 1883 Blandinii
905 1845 1007 1896 apud
1025 1845 1143 1897 Cruq.
1162 1846 1250 1886 cod.

207 1909 315 1948 Gott.
336 1910 423 1947 coll.
444 1911 534 1948 Sax.
553 1918 594 1948 et
612 1911 674 1947 ed.
694 1910 848 1948 Zaroti:
875 1910 937 1947 alii
962 1911 1146 1948 inermem.

256 1977 320 2012 51.
361 1974 437 2012 Pro
432 1975 580 2024 fodiat,
593 1975 838 2021 membranae
851 1974 1075 2012 vetustiores
1072 1966 1227 2025 fodicet*
1229 1990 1247 2019 ‚-

206 2038 230 2075 i.
250 2052 283 2076 e.
303 2045 346 2075 ut
364 2038 559 2076 Gesnerus
578 2039 864 2089 interpretatur,
884 2037 1045 2090 subinde
1064 2037 1196 2075 fodiat.

254 2106 318 2141 59.
372 2102 498 2141 Bentl.
517 2116 569 2140 ex
588 2104 812 2154 conjectura
837 2101 957 2140 edidit
966 2103 1106 2153 Jbrum
1136 2110 1247 2154 cau-

205 2178 393 2207 PUMQUE.
