1378 2534
175 257 202 293 2
415 255 738 297 SERMONUM
789 258 822 296 Ι.
874 259 899 296 i.
1115 272 1156 298 v.
1170 262 1234 300 15.

178 367 268 410 Quo
285 380 367 405 rem
387 367 590 406 deducam.
620 367 661 406 Si
680 367 766 420 quis
783 367 902 420 deus,
922 367 984 406 En
1001 381 1090 421 ego,
1110 369 1235 418 dicat,

175 432 265 472 Jam
284 432 423 471 faciam
442 432 546 484 quod
562 432 679 470 vultis
694 446 704 470 ε
722 432 798 471 eris
815 439 874 481 tu,
893 433 959 486 qui
970 435 1091 473 modo
1103 435 1228 483 miles,

175 496 379 537 Mercator
390 514 401 543 3
412 505 469 544 tu,
483 498 681 536 consultus
693 497 825 545 modo,
834 498 1001 537 rusticus
1013 513 1025 536 ι
1042 499 1135 538 hinc
1145 512 1230 549 νοε,

176 561 257 601 Vos
275 562 367 601 hinc
394 563 553 601 mutatis
572 563 761 602 discedite
778 563 952 615 partibus
967 577 979 601 z
1006 563 1091 602 eia!

174 627 280 670 Quid
307 626 418 665 statis
432 627 647 666 ?—nolint:
673 627 781 679 atqui
799 627 892 666 licet
909 639 994 666 esse
1011 627 1150 666 beatis.
1170 621 1177 628 ⁵

174 692 279 735 Quid
298 705 436 731 causae
455 700 529 739 est,
557 693 696 731 merito
718 693 811 744 quin
828 692 903 730 illis
920 692 1077 744 Jupiter
1095 692 1231 733 ambas

171 757 299 795 Iratus
317 758 462 795 buccas
481 757 604 804 inflet,
633 770 760 809 neque
779 770 820 795 se
838 756 922 795 fore
941 757 1103 808 posthac

171 822 268 861 Tam
285 822 439 860 facilem
458 822 577 868 dicat,
604 822 704 860 votis
722 828 766 859 ut
782 822 975 873 praebeat
985 822 1145 860 aurem?

169 886 394 933 Praeterea,
422 900 471 925 ne
489 887 560 933 sic,
588 894 632 925 ut
651 887 715 938 qui
725 886 929 937 jocularia,
957 886 1087 924 ridens

168 950 399 990 Percurram
415 968 424 996 ;
448 951 702 1004 (quamquam
720 951 911 989 ridentem
922 949 1055 989 dicere
1072 962 1208 989 verum

168 1017 273 1059 Quid
291 1016 422 1055 vetat?
443 1023 487 1054 ut
499 1015 630 1067 pueris
647 1015 739 1054 olim
758 1015 852 1053 dant
871 1014 1044 1053 crustula
1059 1014 1194 1054 blandi<

166 1082 378 1128 Doctores,
405 1081 599 1119 elementa
616 1079 737 1117 velint
754 1086 799 1117 ut
818 1078 968 1117 discere
986 1079 1110 1130 prima
1121 1092 1134 1116 ε

167 1146 247 1186 Sed
264 1154 395 1184 tamen
414 1153 543 1183 amoto
562 1156 792 1197 quaeramus
809 1143 910 1182 seria
926 1143 1043 1196 ludo)

163 1209 235 1249 Ille
254 1222 412 1262 gravem
431 1210 529 1247 duro
547 1216 690 1247 terram
709 1208 776 1259 qui
794 1207 911 1246 vertit
928 1214 1071 1254 aratro,

165 1274 344 1313 Perfidus
363 1273 428 1311 hic
448 1286 587 1324 caupo,
607 1273 732 1318 miles,
752 1279 986 1323 nautaeque,
999 1284 1071 1322 per
1089 1284 1204 1311 omne

165 1338 351 1378 Audaces
369 1350 475 1375 mare
494 1337 561 1389 qui
579 1344 756 1383 currunt,
774 1336 849 1375 hac
866 1342 999 1374 mente
1023 1335 1199 1375 laborem

164 1404 260 1443 Sese
277 1403 396 1449 ferre,
423 1414 536 1440 senes
563 1409 608 1439 ut
625 1401 666 1439 in
684 1401 764 1439 otia
781 1408 867 1440 tuta
882 1399 1085 1447 recedant,

162 1468 302 1514 Aiunt,
331 1479 420 1505 cum
439 1467 512 1504 sibi
530 1467 607 1505 sint
626 1473 813 1517 congesta
830 1465 998 1504 cibaria:
1025 1465 1127 1504 sicut

161 1531 342 1580 Parvula,
361 1544 450 1569 nam
468 1531 652 1582 exemplo
670 1538 743 1577 est,
761 1529 894 1581 magni
903 1529 1067 1569 formica
1077 1529 1222 1570 Laboris

161 1597 242 1635 Ore
254 1596 374 1635 trahit
385 1595 646 1648 quodcunque
664 1602 809 1646 potest,
820 1602 938 1645 atque
949 1593 1059 1632 addit
1068 1606 1213 1634 acervo

161 1662 289 1704 Quem
307 1660 437 1706 struit,
456 1658 561 1696 haud
579 1658 715 1709 ignara
731 1671 779 1696 ac
796 1671 875 1696 non
893 1658 1051 1697 incauta
1060 1657 1196 1698 futuri.

160 1727 287 1772 Quae,
300 1724 414 1762 simul
426 1723 621 1761 inversum
633 1723 839 1761 contristat
850 1722 1050 1775 Aquarius
1061 1736 1222 1772 annum,

161 1790 253 1828 Non
272 1801 434 1840 usquam
454 1786 642 1839 prorepit,
670 1794 711 1825 et
728 1787 804 1825 illis
823 1787 945 1826 utitur
963 1795 1054 1826 ante

158 1854 354 1898 Quaesitis
372 1852 547 1904 sapiens3
566 1864 656 1890 cum
675 1859 714 1889 te
733 1863 862 1903 neque
880 1851 1054 1893 fervidus
1070 1860 1203 1892 aestus

158 1919 379 1957 Demoveat
389 1917 514 1962 lucro,
522 1929 649 1968 neque
662 1916 800 1962 hiems,
807 1916 922 1967 ignis,
927 1917 1215 1966 mare,ferrum,

158 1982 226 2021 Nil
246 1982 376 2020 obstet
394 1980 478 2027 tibi,
499 1980 590 2018 dum
610 1994 660 2019 ne
679 1980 728 2018 sit
747 1987 786 2018 te
807 1979 925 2018 ditior
942 1980 1054 2018 alter.

157 2047 263 2090 Quid
276 2048 387 2097 juvat
407 2045 636 2083 immensum
653 2052 694 2083 te
713 2044 865 2096 argenti
884 2044 1037 2096 pondus
1055 2052 1097 2084 et
1116 2045 1201 2085 auri

155 2110 304 2148 Furtim
324 2109 477 2148 defossa
494 2109 673 2147 timidum
691 2109 888 2160 deponere
907 2111 1037 2149 terra?

156 2175 287 2222 Quod,
313 2174 347 2214 si
365 2175 620 2221 comminuas,
647 2173 765 2212 vilem
783 2173 983 2226 redigatur
1001 2175 1052 2214 ad
1078 2169 1218 2216 assem.
