1378 2534
56 239 58 241 ’
113 264 149 299 v.
167 259 233 299 ss
336 252 739 296 EPISTOLARUM
788 252 822 292 1.
873 253 954 294 xvi.
1090 251 1167 296 ns·

107 367 287 406 Oderunt
301 375 468 418 peccare
485 364 579 404 boni
595 364 748 403 virtutis
765 376 896 403 amore
911 379 922 408 ;

107 431 170 470 Tu
187 430 283 469 nihil
301 429 482 469 admittes
501 429 540 467 in
559 435 599 467 te
617 428 822 467 formidine
840 440 1012 480 poenae:

107 495 167 535 Sit
182 507 272 548 spes
288 493 461 540 fallendi,
487 493 667 532 miscebis
684 505 794 532 sacru
810 493 993 545 profanis.

104 559 207 598 Nam
225 559 275 597 de
293 558 397 597 mille
415 558 527 596 fabae
547 556 685 595 modiis
705 570 794 596 cum
813 557 975 609 surripis
995 569 1130 605 unum,

104 623 302 662 Damnum
319 629 393 668 est,
411 634 490 660 non
507 620 670 677 facinu3‚
685 621 779 658 mihi
799 628 913 673 pacto
925 621 1050 660 lenius
1069 622 1155 662 isto.

105 687 176 726 Vir
194 689 333 734 bonus,
362 698 476 724 omne
494 684 621 723 forum
639 697 756 736 quem
773 692 939 736 spectat,
958 693 998 725 et
1015 699 1131 726 omne

258 751 440 797 tribunal,

106 816 430 867 Quandocunque
449 814 543 852 deos
561 813 622 851 vel
642 826 762 866 porco
780 814 841 853 vel
859 815 958 853 bove
976 815 1120 867 placat,

102 882 204 921 Jane
222 887 346 933 pater,
367 879 483 925 clare,
513 877 617 916 clare
636 890 725 916 cum
743 877 856 924 dixit,
886 879 1052 931 Apollo;

102 945 233 984 Labra
249 951 391 991 movet,
409 950 587 982 metuens
605 942 754 980 audiri:
774 942 944 982 Pulchra
955 932 1163 992 ‘Lavernaff

103 1009 170 1048 Da
186 1009 281 1046 mihi
297 1007 447 1050 fallere.
476 1006 527 1045 da
539 1007 646 1057 justo
663 1013 881 1058 sanctoque.
893 1007 1039 1053 videri;

101 1073 270 1112 Noctem
288 1071 474 1123 peccatis,
501 1077 540 1109 et
558 1070 756 1109 fraudibus
774 1072 899 1122 objice
917 1073 1075 1112 nubem.

102 1138 183 1180 Qui
199 1137 335 1175 melior
353 1149 477 1182 servo,
498 1136 564 1187 qui
582 1135 739 1174 liberior
754 1135 805 1173 sit
823 1149 972 1183 avarus,

102 1201 150 1239 In
168 1201 289 1239 triviis
306 1201 427 1238 fixum
447 1213 536 1239 cum
553 1213 595 1237 se
614 1200 783 1238 demittit
801 1201 850 1238 ob
869 1210 1007 1247 assem,

101 1266 193 1305 Non
220 1265 356 1309 videm
384 1276 473 1302 nam
504 1263 572 1314 qui
600 1263 745 1315 cupiet,
775 1270 924 1302 metuet
945 1274 1126 1317 quoque}

254 1342 370 1381 porro

104 1394 181 1438 Qui
194 1400 373 1432 metuens
390 1393 497 1439 vivit,
515 1392 613 1430 liber
631 1391 723 1429 mihi
742 1402 821 1430 non
838 1392 914 1431 erit
932 1404 1116 1445 unquam

103 1457 279 1496 Perdidit
297 1469 416 1504 arma,
444 1456 575 1496 locum
592 1456 744 1494 virtutis
762 1456 948 1504 deseruit,
976 1458 1044 1510 qui

103 1522 267 1574 Semper
284 1521 324 1560 in
341 1521 522 1572 augenda
538 1521 696 1558 festinat
713 1527 754 1558 et
772 1521 948 1560 obruitur
966 1535 1021 1561 re.

101 1586 283 1624 Vendere
302 1594 390 1623 cum
409 1586 530 1635 possis
550 1585 758 1636 captivum,
787 1585 967 1624 occidere
986 1588 1088 1627 noli.

103 1650 254 1688 Serviet
272 1649 418 1687 utiliter
433 1664 442 1687 =
464 1650 546 1687 sine
566 1656 699 1700 pascat
717 1649 836 1687 durus
855 1658 1016 1701 aretque
1031 1667 1041 1695 ;

101 1714 284 1765 Naviget,
303 1726 348 1751 ac
367 1713 503 1751 mediis
523 1713 667 1752 hiemet
684 1721 878 1751 mercator
895 1714 935 1751 in
954 1714 1091 1761 undis3

102 1780 296 1817 Annonae
314 1778 450 1830 prosit,
477 1784 607 1829 portet
623 1776 818 1815 frumenta
837 1790 1048 1830 penusque.

100 1839 172 1880 Vir
187 1844 313 1881 bonus
329 1849 370 1881 et
387 1841 538 1894 sapiens
555 1841 714 1880 audebit
731 1841 862 1880 dicere
877 1847 894 1880 ἲ
917 1843 1113 1892 Pentheu,

34 1951 39 1955 ,
102 1906 250 1945 Rector
267 1906 504 1953 Thebarum,
532 1905 626 1958 quid
643 1918 706 1943 me
723 1906 896 1957 perferre
914 1908 1073 1960 patique

100 1969 308 2022 Indignum
327 1971 474 2022 coges?
500 1970 683 2009 Adimam
700 1971 812 2008 bona.
840 1970 993 2023 Nempe
1015 1986 1155 2024 pecus,

305 2047 403 2081 rem,
992 2068 994 2070 .

101 2093 261 2143 Lectos,
278 2106 506 2149 argentum:
533 2099 645 2138 tollas
664 2099 768 2137 licet.
795 2098 843 2137 In
861 2099 1021 2139 manicis
1039 2108 1081 2140 et

103 2161 364 2212 Compedibus
383 2175 498 2203 saevo
515 2170 555 2203 te
572 2165 644 2203 sub
664 2164 824 2205 custode
842 2165 1001 2204 tenebo.-

162 2226 228 2268 To
236 2239 283 2266 m.
307 2227 367 2265 11«
646 2228 679 2268 P
