1378 2534
208 256 291 296 *2¹26
606 249 874 292 NOTULAE'

446 343 491 369 m
520 342 604 369 Lm.
634 343 681 368 11.
710 341 1028 369 EPISTOLARUM.

215 435 442 480 teremptam
471 427 619 466 Niobes
663 427 850 472 subolem,
889 424 929 464 et
957 425 1266 464 internecionem

215 492 431 539 Gallorum,
451 492 516 542 qui
533 491 670 529 fanum·
685 489 877 542 Apollinis
894 489 1079 542 Delphici
1096 489 1135 527 in
1153 501 1270 528 mone

212 563 254 595 te
272 556 442 595 Parnaso
462 555 629 608 diripere
654 554 783 593 conati
805 561 908 593 sunt.
958 555 1084 598 Quam
1098 553 1274 592 mirabile

211 620 293 660 visu
309 621 386 660 hoc
404 634 500 673 opus
517 620 647 667 fuerit,
679 633 730 658 ex
748 618 955 670 Propertio
979 617 1128 658 discere
1156 617 1265 664 licet,

213 685 280 737 qui
294 685 487 737 Cynthiae
499 685 724 723 tarditatem
730 684 918 722 adventus
935 682 995 721 sui
1007 681 1064 720 sic
1077 689 1239 720 excusat
1253 695 1270 719 ι

214 766 242 787 “
258 762 434 809 Quaeris,
454 776 524 800 cur
538 761 688 799 veniam
703 760 773 798 tibi
784 759 929 798 tardior
941 759 958 798 ἶ
970 759 1104 798 Aurea
1116 757 1265 798 Phoebi

267 833 295 851 “
310 827 488 866 Porticus
507 839 530 863 a
547 838 689 876 magno
709 825 873 863 Caesare
892 830 1028 876 aperta
1044 823 1131 863 fuit.

217 896 244 916 ‘⁴
260 891 363 930 Tota
380 898 463 930 erat
482 891 524 929 in
539 889 711 941 speciem
725 887 866 928 Poenis
885 888 1037 940 digesta
1053 887 1240 928 columnis
1254 902 1266 926 ε

269 955 418 994 “Inter
437 968 530 1006 quas
549 953 679 992 Danai
695 952 838 991 femina
854 952 969 991 turba
986 951 1100 992 senis.

217 1025 244 1045 ⁸⁴
260 1020 341 1059 Hic
361 1020 539 1071 equidem
557 1017 720 1055 Phoebo
735 1016 838 1055 visus
855 1015 951 1055 xm'hi
967 1015 1164 1070 pulchrior
1182 1015 1273 1069 ipso

269 1089 296 1108 ‘⁶
314 1080 553 1122 Mmmoreus
572 1082 692 1121 tacita
709 1093 867 1120 carmen
892 1080 1002 1119 hiare
1018 1080 1114 1133 lyra.

218 1153 245 1173 “
260 1149 393 1200 Atque
405 1161 510 1186 aram
526 1148 672 1186 cii-cum
685 1152 873 1185 steterant
884 1151 1059 1183 armenta
1075 1143 1273 1197 Myronis,

270 1217 297 1237 ‘⁶
312 1213 489 1256 Quatuor
505 1212 687 1259 artifices,
712 1210 840 1248 vivida
855 1209 982 1261 signa,
997 1209 1128 1247 hoves.

220 1281 246 1301 “
262 1277 363 1315 Tum
381 1277 553 1315 medium
581 1276 712 1315 Clario
741 1274 924 1328 surgebat
949 1285 1140 1312 marmore
1169 1279 1272 1310 tem-

270 1346 298 1366 “
313 1341 366 1380 Et
382 1341 508 1393 patria
525 1341 686 1380 Phoebo
705 1339 831 1379 carius
850 1337 1030 1390 Ortygia.
1120 1336 1273 1389 [plum,

218 1410 247 1430 “
262 1406 374 1444 Auro
394 1405 493 1444 Solis
511 1412 594 1443 erat
612 1417 727 1456 supra
742 1403 898 1454 fastigia
915 1415 1065 1448 currus,

267 1474 295 1494 ‘⁴
311 1468 363 1507 Et
380 1469 512 1508 valvae
530 1467 672 1520 Libyci
687 1467 817 1506 nobile
843 1465 970 1505 dentis
987 1478 1098 1518 opus.

220 1539 247 1559 “
263 1534 403 1573 Altera
420 1534 593 1585 dejectos
612 1532 771 1572 Parnasi
784 1532 930 1571 vertice
949 1530 1102 1579 Gallos,

271 1603 300 1622 ‘⁴
315 1598 454 1638 Altera
470 1598 671 1636 moerebat
687 1597 825 1636 ffinera
843 1595 1079 1634 Tantalidos.

217 1667 246 1689 ⁴⁴
261 1663 419 1702 Deinde
437 1662 540 1700 inter
555 1669 725 1700 matrem-.-
737 1661 832 1699 deus
850 1659 946 1712 ipse,
972 1659 1149 1711 interque
1161 1671 1271 1698 soro-

271 1731 300 1751 “
315 1726 480 1779 Pythius
491 1726 657 1777 in·longa
668 1724 838 1763 carmina
847 1731 954 1763 veste
967 1724 1120 1762 sonat.”
1146 1725 1271 1774 [rem,

655 1789 744 1827 Lib.
758 1788 815 1826 11.
830 1787 941 1826 xxxi.
967 1786 1139 1826 Broukh.
1157 1787 1267 1825 xxiii.

218 1854 268 1893 In
286 1854 347 1902 iis,
374 1866 472 1907 quae
490 1860 705 1905 sequuntur
731 1851 960 1891 vocabulum
987 1849 1123 1904 elegos,
1145 1863 1276 1903 usque

218 1919 271 1958 ad
287 1919 405 1958 verba
430 1917 576 1957 discedo
594 1917 751 1956 Alcaeus
773 1922 912 1969 puncto
930 1913 1274 1955 illius—Horatius

218 1983 347 2022 ridere
365 1982 519 2021 videtur
548 1990 750 2034 poetarum
767 1980 909 2020 fastum
927 1987 967 2018 et
996 1979 1273 2031 arrogantiam,

220 2046 315 2086 dum
332 2046 434 2086 hanc
450 2046 654 2085 Musarum
672 2046 822 2092 aedem,
837 2043 1022 2083 Romanis
1035 2043 1184 2082 vatibus
1201 2056 1271 2082 va-

221 2120 376 2152 cantem
387 2119 428 2151 et
439 2111 683 2159 destinatam,
701 2108 904 2163 magnifice
920 2110 1244 2161 circumspectant
1257 2124 1270 2154 ;

222 2175 364 2229 scripta
375 2175 556 2217 videlicet
570 2189 638 2216 sua
657 2176 775 2231 digna
792 2181 1120 2227 censentes7quae
1136 2185 1185 2213 eo
1201 2172 1276 2212 de-
