1378 2534
107 296 144 322 V.
159 285 199 323 1.
344 277 663 320 SERMONUM
715 279 748 317 Ι.
799 278 850 317 vi.
1113 276 1163 316 25

357 395 374 414 t

458 466 684 507 SATIRA
739 465 801 504 VI

112 588 225 636 Nox,
244 588 347 640 quia,
362 587 592 633 ‘Maecenas,
607 585 807 638 Lydorum
822 583 1011 636 quidquid
1026 582 1161 621 Etrus-

111 652 285 695 Incoluit
301 653 412 699 fines,
439 665 554 690 nemo
573 650 799 702 generosior
817 656 877 686 est
895 656 934 686 te
949 664 959 692 3
1069 649 1160 697 [cos

112 716 200 756 Nec
213 718 318 769 quod
329 730 422 755 avus
435 717 506 755 tibi
518 722 715 754 maternus
728 714 816 762 fuit,
831 722 949 766 atque
962 721 1160 766 paternus,

113 782 218 820 Olim
238 782 304 834 qui
321 782 472 834 magnis
490 781 706 833 legionibus
724 780 1002 832 imperitat-inu

111 845 170 885 Ut
187 846 362 898 plerique
380 847 520 893 solent,
549 859 642 884 naso
660 845 863 897 suspendis
880 845 1035 883 adunco

109 909 285 962 Ignotos,
313 918 357 949 ut
373 924 437 950 me
454 911 636 950 libertino
653 917 764 961 patre
783 916 939 947 natum:

112 975 213 1014 Cum
231 975 376 1014 referre
395 988 528 1026 negas,
558 974 661 1026 quali
680 975 729 1012 sit
748 974 912 1026 quisque
929 981 1093 1026 parente

111 1039 252 1086 Natus,
271 1040 363 1077 dum
382 1040 585 1091 ingenuus.
613 1039 830 1076 Persuades
848 1039 923 1076 hoc
940 1039 1012 1076 tibi
1030 1052 1135 1086 vere,

112 1104 221 1141 Ante
239 1110 473 1154 potestatem
493 1103 597 1140 Tulli
615 1110 734 1153 atque
752 1103 922 1153 ignobile
940 1115 1120 1154 regnum,

114 1166 265 1204 Multos
283 1179 399 1218 saepe
416 1166 518 1204 viros
537 1167 651 1204 nullis
669 1166 878 1217 majoribus
896 1167 1002 1204 orto's

112 1230 166 1269 Et
182 1230 323 1269 vixisse
341 1232 497 1282 probos,
525 1231 661 1282 amplis
680 1238 721 1268 et
739 1231 950 1268 honoribus
968 1238 1127 1270 auctos:

110 1295 272 1342 Contra,
291 1295 520 1343 Laevinum,
541 1295 673 1333 Valeri
691 1308 828 1347 genus,
848 1294 951 1333 unde
965 1295 1163 1347 Superbus

113 1360 346 1412 Tarquinius
365 1373 486 1412 regno
505 1361 638 1412 pulsus
655 1360 744 1406 fuit,
772 1360 885 1398 unius
904 1361 997 1399 assis

110 1425 202 1463 Non
220 1438 389 1477 unquam
407 1425 534 1477 pretio
551 1425 670 1476 pluris
687 1425 856 1471 licuisse,
875 1432 1036 1464 notante

109 1489 251 1528 Judice
269 1503 348 1541 quo
365 1490 480 1536 nosti,
507 1490 665 1541 populo,
685 1489 751 1541 qui
769 1490 909 1527 stultus
928 1491 1095 1529 honores

111 1554 236 1606 Saepe
255 1554 322 1592 dat
339 1554 520 1606 indignis,
547 1561 588 1591 et
605 1554 731 1592 famae
749 1555 867 1592 servit
885 1554 1064 1606 ineptus;

111 1618 189 1661 Qui
206 1626 337 1670 stupet
350 1619 390 1656 in
407 1619 530 1656 titulis
548 1626 589 1656 et
603 1619 845 1670 imaginibus.
887 1619 991 1662 Quid
1006 1628 1160 1671 oportet

111 1682 194 1720 Nos
211 1681 355 1729 facere,
374 1695 397 1719 a
414 1683 530 1734 vulgo
548 1684 663 1734 longe
682 1684 875 1735 longeque
896 1691 1063 1722 remotos
1078 1686 1092 1723 ?

109 1746 291 1798 Namque
310 1754 408 1792 esto,
435 1748 600 1798 populus
618 1748 790 1785 Laevino
809 1747 941 1786 mallet
971 1748 1158 1788 honorem

111 1812 238 1854 Quam
258 1811 384 1849 Decio
402 1813 586 1850 mandare
606 1826 719 1859 novo,
752 1825 967 1863 censorque
986 1822 1160 1853 moveret

112 1876 277 1928 Appius,
304 1877 475 1927 ingenuo
493 1877 526 1914 si
544 1890 620 1914 non
640 1889 763 1915 essem
780 1883 890 1927 patre
909 1885 1076 1916 natus-—

109 1939 186 1978 Vel
191 1941 344 1995 merito,
353 1941 533 1992 quoniam
541 1941 580 1978 in
594 1941 749 1992 propria
759 1954 836 1979 non
843 1942 944 1992 pelle
953 1943 1158 1993 quiessem·

113 2003 191 2042 Sed
208 2005 383 2056 fulgente
402 2005 521 2043 trahit
539 2005 768 2043 constrictos
786 2006 910 2057 gloria
928 2019 1045 2045 curru

111 2067 203 2106 Non
221 2068 346 2106 minus
365 2069 518 2120 ignotos
535 2069 746 2120 generosis.
773 2070 861 2112 Quo
879 2070 964 2116 tibi,
985 2068 1091 2118 Tim,

113 2130 274 2170 Sumere
293 2133 510 2184 depositum
530 2134 694 2180 clavum,
722 2133 883 2186 fierique
902 2135 1088 2174 tribuno?

110 2194 262 2233 Invidia
278 2198 464 2245 accrevit,
483 2198 632 2250 privato
651 2211 750 2250 quae
769 2199 893 2238 minor
911 2206 1027 2238 esset.

162 2259 285 2305 Τοη.
318 2262 376 2302 11.
677 2264 719 2303 D
