1378 2534
196 220 252 263 92
416 217 820 260 EPISTOLARUM
870 221 905 260 1.
955 222 1008 263 {v-
1162 235 1202 264 v.
1220 227 1259 268 6.

201 329 294 371 Non
311 336 356 368 tu
375 342 515 382 corpus
534 343 620 369 eras
638 331 722 370 sine
741 340 902 383 pectore
915 347 927 371 ε
945 333 986 371 di
999 332 1071 373 tibi
1084 333 1261 384 sormam,

198 394 257 435 Di
274 395 345 433 tibi
363 395 514 433 divitias
533 395 735 443 dederant,
754 403 956 450 artemque
972 397 1142 440 fruendi.

200 459 307 502 Quid
323 467 462 498 voveat
480 460 585 498 dulci
604 461 799 501 nutricula
816 464 941 514 majus
958 463 1130 511 alumno,

200 524 278 567 Qui
297 537 448 577 sapere,
466 531 508 563 et
524 524 597 563 fari
615 526 736 577 possit
754 539 855 578 quae
871 528 1031 575 sentiat,
1046 536 1088 567 et
1107 528 1173 567 cui

201 588 354 637 Gratia,
372 589 488 637 fama,
508 589 689 629 valetudo
707 592 910 644 contingat
928 593 1096 640 abunde,

201 651 256 691 Et
273 654 440 692 mundus
457 655 598 703 victus,
616 669 693 694 non
713 656 920 696 deficiente
945 652 1160 706 crumena?

201 717 313 757 Inter
330 731 440 770 spem
458 732 684 772 curamque,
703 721 862 759 timores
880 721 983 760 inter
1001 728 1043 760 et
1060 721 1151 768 iras,

203 784 372 822 Omnem
393 785 510 823 crede
529 785 632 823 diem
651 786 720 824 tibi
739 786 924 825 diluxisse
938 799 1184 838 supremum&

203 847 329 886 Grata
345 849 606 900 superveniet,
626 862 726 901 quae
744 863 822 889 non
841 851 1075 902 sperabitur,
1093 852 1202 891 hora.

202 911 274 951 Me
293 913 491 966 pinguem,
511 922 552 953 et
569 915 735 954 nitidum
753 916 855 955 bene
870 923 1006 956 curata
1023 923 1130 963 cute,
1149 916 1263 964 vises,

203 979 308 1019 Cum
324 979 452 1019 ridere
468 980 591 1029 voles,
610 980 772 1033 Epicuri
790 981 840 1020 de
858 993 982 1034 grege
998 993 1175 1034 porcum.

594 1214 765 1253 EPIST.
817 1214 867 1253 V.

543 1342 604 1368 AD
634 1340 918 1371 TORQUATUM.

208 1434 255 1473 SI
274 1441 386 1486 potes
406 1432 612 1472 Archiacis
631 1434 793 1472 conviva
810 1431 1045 1472 recumbere
1056 1433 1184 1482 lectis,

206 1499 297 1537 Nec
317 1497 470 1536 modica
489 1510 655 1536 coenare
674 1498 788 1536 times
807 1499 890 1537 olus
909 1511 1024 1538 omne
1042 1499 1200 1550 patella,

208 1562 402 1614 Supremo
421 1570 460 1600 te
480 1562 560 1599 sole
579 1562 697 1608 domi,
727 1562 940 1614 Torquate,
958 1563 1136 1602 manebo.

209 1627 314 1665 Vina
331 1627 441 1665 bibes
460 1626 602 1664 iterum
622 1626 752 1665 Tauro
771 1626 921 1675 diffusa,
939 1627 1132 1678 palustres

172 1710 178 1718 ·
206 1692 317 1730 Inter
335 1689 556 1729 Minturnas
577 1691 932 1743 Sinuessanumque
947 1691 1164 1731 Petrinum.

210 1757 253 1795 Si
271 1756 408 1794 melius
426 1756 519 1807 quid
537 1756 671 1803 habes,
689 1769 866 1801 arcesse;
892 1757 954 1795 vel
972 1756 1178 1807 imperium
1196 1757 1267 1795 fer.

207 1821 235 1860 J
237 1820 445 1859 amdudum
459 1820 638 1871 splendet
650 1820 775 1868 focus,
788 1827 828 1859 et
840 1820 910 1859 tibi
921 1821 1066 1858 munda
1076 1821 1269 1872 supellex.

209 1884 331 1923 Mitte
350 1884 455 1922 leves
472 1897 575 1936 spesi,
594 1892 634 1924 et
653 1885 866 1924 certamina
877 1885 1112 1932 divitiarum,

209 1949 266 1994 Et
284 1948 441 1987 Moschi
461 1962 616 1987 causam
632 1963 642 1987 z
675 1962 760 1988 cras
779 1956 872 1988 nato
892 1949 1060 1989 Caesare
1077 1950 1202 1991 festus
1261 1979 1270 1986 ⁴-

209 2014 293 2055 Dat
310 2013 462 2053 veniam
481 2026 736 2065 somnumque
756 2013 861 2058 dies;
888 2013 1047 2065 impune
1065 2015 1201 2057 licebit

211 2079 413 2122 Aestivam
429 2087 607 2116 sermone
626 2078 797 2129 benigno
815 2079 978 2117 tendere
997 2087 1167 2122 noctem.

210 2145 301 2191 Quo
318 2143 413 2185 mihi
430 2143 600 2192 fortuna,
619 2142 651 2182 si
669 2155 749 2182 non
769 2143 1000 2185 conceditur
1019 2145 1104 2188 uti?
