1378 2534
494 285 761 328 NOTULAE
918 276 921 281 V
1070 282 1146 319 ωδ

344 381 391 406 rs
417 379 502 405 Lm.
529 378 558 404 1.
586 371 900 403 ems-romanum.

105 474 130 492 ά
153 467 295 505 ⁴omissa
307 478 377 517 per
390 464 615 502 sollemnem
628 458 778 510 ellipsin
790 452 1039 496 conditionali
1055 464 1148 504 par-

101 537 132 556 ⁴‘
159 530 318 569 ticula.”

153 595 187 633 1.
204 597 268 636 78.
320 594 397 631 Pro
413 591 559 636 crustis,
578 588 664 627 cod.
684 586 794 625 Gott.
812 584 976 623 Gesneri
997 590 1037 621 et
1055 581 1144 620 coll.

104 659 194 698 Sax.
204 658 365 710 finatis.
418 657 478 694 Ita
506 654 620 695 etiam
650 651 738 690 edd.
768 649 855 688 Zar.
887 648 997 686 Med.
1034 646 1145 686 1477.

103 723 254 761 Fabric-
271 724 381 760 1555.

154 789 225 825 91ae
270 785 368 823 Ride
385 783 572 822 editiones
590 779 812 833 praeferunt
831 782 1077 817 constanter;
1102 780 1146 810 ut

103 859 144 890 ct
161 848 422 899 manuscripti,
449 847 520 885 nisi
540 845 644 897 quod
662 855 760 881 unus
778 849 819 880 et
837 841 934 879 alter
953 846 1068 876 notae
1086 849 1146 875 se-

105 914 249 966 quioris
265 913 376 951 rides.
429 910 624 960 Cuningh.
641 908 751 946 rides.
805 904 934 955 Bentl.
966 903 1065 952 conj.
1092 900 1146 938 vi-

103 979 204 1025 (len‚’
221 984 275 1016 ut.

155 1046 219 1082 94.
275 1042 436 1080 Curatus
453 1051 586 1078 omnes
603 1038 685 1075 fere
703 1036 789 1074 libri
821 1033 966 1084 scripti,
995 1038 1036 1069 et
1063 1031 1128 1082 ple

108 1119 250 1158 raeque
269 1106 356 1144 edd.
375 1111 468 1142 vett.
499 1103 548 1141 de
571 1115 646 1153 qua
672 1100 840 1138 lectione
867 1097 944 1135 vid.
960 1051 1156 1134 -Θτοῃονὲ
1198 1105 1203 1114 ’

109 1171 270 1208 observ.
290 1169 321 1206 Ι.
340 1182 375 1207 c.
392 1171 454 1207 23.
473 1167 536 1205 alii
553 1171 730 1204 curtatus.
783 1168 809 1186 “
830 1162 914 1199 Nec
932 1167 1061 1212 potest
1079 1159 1147 1197 ali-

107 1239 222 1273 “ter
240 1234 304 1272 hic
322 1231 488 1284 peccari,
506 1230 578 1267 nisi
591 1228 745 1267 curtatis
757 1225 900 1278 capillis
919 1224 1158 1275 quibusdam*

69 1346 72 1350 ¹
108 1303 134 1322 “
161 1298 281 1349 magis
299 1309 413 1348 quam
432 1308 527 1346 opus
546 1302 640 1332 erat.
696 1292 786 1337 Sed,
815 1303 903 1328 cum
922 1288 1017 1326 haec
1043 1287 1149 1325 notio
1175 1304 1178 1307 ·

123 1362 237 1410 ‘jam
254 1361 303 1397 sit
321 1360 360 1396 in
386 1356 574 1409 inaequali
601 1363 758 1401 tonsore,
789 1358 939 1391 curatus
967 1352 1150 1388 damnare

108 1428 136 1448 ‘⁶
162 1437 240 1462 non
258 1423 390 1462 ausim.
445 1419 642 1472 Inaequali
658 1426 816 1463 tonsore,
843 1424 887 1454 ut
917 1415 1072 1466 exiguae
1096 1421 1152 1453 to-

109 1493 136 1512 “
156 1502 231 1541 gae
247 1487 429 1532 textoress’
457 1485 580 1536 Epist.
599 1484 630 1522 1.
647 1483 728 1521 xix.
751 1486 810 1520 13.
843 1481 974 1519 Gesx.
1028 1478 1150 1516 Nobis

108 1558 274 1590 curtatus
292 1550 417 1589 sanior
434 1549 550 1587 lectio
568 1546 736 1586 videtur.'

158 1616 210 1653 11.
237 1619 275 1654 4.
328 1615 404 1652 Pro
415 1613 579 1665 plenius,
619 1619 700 1649 tum
720 1610 807 1648 edd.
825 1617 919 1647 vett.
938 1616 1020 1646 tum
1039 1607 1149 1645 dimi-

109 1681 174 1720 dia
189 1680 270 1718 fere
301 1679 412 1717 codd.
431 1690 518 1728 pars
528 1675 682 1728 planius
697 1692 713 1719 ;
742 1681 871 1725 neque'
886 1673 996 1711 aliter
1017 1674 1152 1710 Acron

110 1744 346 1783 scholiastes.

161 1812 198 1848 5.
265 1810 292 1832 “
322 1808 396 1845 Pro
415 1807 565 1851 detinet,
584 1805 739 1843 destinet
758 1803 875 1841 MSS.
894 1802 997 1854 apud
1013 1801 1150 1839 Lamb.

111 1878 139 1897 “
165 1880 206 1911 et
223 1872 309 1911 cod.
329 1871 437 1909 Gott.
457 1871 572 1908 Forte
591 1869 746 1907 voluere
763 1867 955 1906 distinet.”
985 1866 1116 1903 Gnsn.

166 1940 225 1975 10.
279 1936 355 1974 Pro
370 1936 461 1987 quid
474 1934 614 1973 Paris?
631 1947 681 1971 ex
696 1939 844 1984 septem
860 1930 1024 1969 Bentleii
1036 1929 1151 1967 codd.

113 2008 226 2040 notae
246 2000 411 2051 optimae
430 1999 604 2037 dedimus
622 1998 721 2050 quod
734 1996 848 2035 Paris
862 1984 1028 2046 ³—quod
1043 1992 1153 2044 [belli

112 2065 262 2103 seilicet
279 2078 423 2102 causam
435 2062 666 2115 praecidere,
691 2069 731 2098 et
750 2059 940 2098 Helenam
958 2057 1147 2106 reddere]

115 2128 231 2166 Paris
248 2134 358 2180 negat
375 2141 416 2166 se
427 2140 536 2180 posse
552 2126 647 2179 cogi,
673 2125 790 2165 etiam
808 2129 849 2162 ut
863 2121 995 2177 sabina-5¹
1008 2124 1152 2173 regnet,
