1378 2534
72 266 111 294 v.
129 255 215 294 149.
362 247 680 291 SERMONUM
728 248 785 287 11.
837 248 890 286 iii.
1069 251 1122 288 55

71 359 229 402 Effimdi
244 373 377 401 saccos
392 373 646 406 nummorum,
662 357 849 397 accedere
862 358 992 410 plures

72 427 143 466 Ad
157 425 451 465 numerandum:
467 424 662 463 hominem
675 422 731 461 sic
748 422 879 474 erigit:
896 421 1004 460 addit
1020 429 1059 459 et
1077 421 1120 458 il-

72 490 127 530 Ni
137 498 205 531 tua
212 489 526 537 custodigavidus
532 490 612 538 jam
624 487 722 525 haec
731 486 879 525 auferet
889 485 1013 525 heres.
1020 487 1123 535 [lud.;

71 553 184 594 Men’
190 554 292 594 vivo?
304 554 362 594 Ut
373 554 476 592 vivas
489 550 746 603 igitur,vigila:
757 550 833 589 hoc
843 563 928 602 age.
939 550 1120 594 Quidvis?

71 618 269 659 Deficient
283 618 437 670 inopem
453 629 573 656 venae
590 623 645 662 te,
659 615 699 652 ni
715 613 837 660 cibus,
854 622 969 666 atque

71 683 216 735 Ingens
232 682 383 722 accedit
399 680 597 720 stomacho
614 678 758 717 fultura
774 677 912 716 ruenti.

72 746 138 786 Tu
149 747 295 786 cessas?
314 746 494 798 agedum,
507 757 614 783 sume
625 743 701 782 hoc
714 742 958 794 ptisanarium
970 755 1124 793 oryzae.

10 809 219 856 'Quanti
240 811 387 851 emme?
412 810 550 848 Parvo.
576 808 720 851 Quanti
736 808 852 858 ergo?
881 806 1123 845 Octussibus.

277 875 413 914 Eheu!

73 938 179 983 Quid
195 938 327 986 refert,
342 939 493 985 morbo,
509 951 558 977 an
574 938 686 977 furtis
702 949 932 989 pereamque
950 935 1120 988 rapinis?

74 1003 259 1046 Quisnam
275 1002 393 1054 igitur
405 1003 541 1041 sanus?
566 1002 643 1045 Qui
660 1014 738 1039 non
749 1001 899 1039 stultus.
921 999 1027 1042 Quid
1037 1011 1122 1051 ava·

278 1079 343 1104 rus
356 1066 371 1104 ἓ

77 1131 224 1170 Stultus
240 1137 282 1168 et
297 1130 463 1168 insanus.
490 1128 620 1172 Quid?
639 1128 670 1166 si
685 1128 770 1180 quis
787 1140 865 1165 nou
882 1127 932 1166 sit
949 1140 1098 1175 avarus,

76 1196 270 1235 Continuo
287 1195 430 1233 sanus?
459 1193 635 1231 Minime.
670 1193 763 1239 Cur,
783 1192 943 1231 Stoice?
971 1193 1124 1231 Dicam.

127 1261 219 1299 Non
235 1266 295 1298 est
311 1258 521 1304 cardiamm,
548 1257 749 1295 Craterum
766 1256 907 1294 dixisse
924 1263 1073 1308 putato,

75 1325 156 1363 Hic
172 1336 310 1375 aegea
335 1330 440 1362 recte
457 1329 517 1360 est
534 1321 663 1372 igitur,
680 1321 912 1371 surgetque?
947 1319 1125 1371 negabit3

75 1388 192 1432 Quod
208 1388 307 1426 latus
323 1394 390 1426 aut
406 1399 516 1425 renes
534 1386 667 1423 morbo
686 1392 881 1423 tentantur
897 1391 1024 1422 acuto.

76 1453 168 1492 Non
178 1460 239 1491 est
247 1453 436 1504 perjurus,
453 1463 579 1502 neque
592 1449 767 1488 sordidus
782 1464 792 1493 ;
810 1448 979 1486 immolet
995 1447 1126 1499 aequis

75 1516 158 1555 Hic
173 1529 333 1568 porcum
345 1514 528 1553 Laribus:
544 1527 677 1552 verum
690 1512 912 1550 ambitiosus
924 1519 964 1549 et
981 1511 1126 1556 audax;

74 1581 245 1632 Naviget
255 1580 505 1630 Anticyram:
524 1577 616 1629 quid
627 1577 728 1616 enim
742 1575 881 1622 differt,
893 1577 1125 1615 barathrone

76 1645 214 1683 Dones
225 1643 412 1696 quidquid
423 1643 556 1688 habes,
573 1655 622 1679 an
636 1653 831 1692 nunquam
846 1648 953 1679 utare
966 1641 1122 1692 paratis?

78 1709 233 1748 Servius
251 1707 440 1759 Oppidius
458 1706 602 1744 Canusi
620 1705 697 1744 duo
715 1704 883 1756 praedia,
902 1704 1007 1742 dives

79 1772 254 1824 Antiquo
272 1783 404 1816 censu,
422 1769 548 1821 gnatis
567 1769 706 1807 divisse
724 1769 874 1806 duobus

78 1835 228 1882 Fertur,
246 1842 286 1873 et
302 1834 378 1873 hoc
395 1834 560 1872 moriens
576 1833 704 1884 pueris
722 1831 865 1870 dixisse
881 1831 1026 1870 vocatis

80 1901 149 1939 Ad
163 1901 328 1939 lectum:
355 1898 565 1949 Postquam
582 1904 621 1934 te
638 1896 750 1942 talos,
767 1896 884 1942 Aule,
907 1908 1100 1946 nucesque

74 1957 198 2002 Ferre
214 1964 300 2002 sinu
316 1963 420 2009 laxo,
437 1961 595 2007 donare,
612 1968 653 1999 et
668 1959 814 2006 ludere,
830 1959 930 2004 vidi;

81 2027 155 2073 Te,
173 2027 318 2073 Tiberi,
335 2038 548 2071 numerare,
558 2024 664 2063 cavis
681 2024 916 2062 abscondere
932 2023 1103 2062 tristem:

82 2090 268 2137 Extimui,
278 2104 334 2133 ,ne
350 2103 418 2128 vos
434 2096 565 2140 ageret
581 2088 735 2127 vesania
750 2087 894 2126 discors
907 2103 917 2131 ;

83 2154 146 2193 Tu
163 2154 461 2201 Nomentanum,
478 2161 522 2192 tu
539 2167 588 2192 ne
604 2164 805 2204 sequerere
823 2151 1012 2190 Cicutam.
