1378 2534
87 234 209 272 vd&
312 224 716 272 EPISTOLA'RUM
769 231 823 269 11.
876 231 915 270 ii.
1068 233 1140 274 137

83 341 210 381 Iratus
227 341 355 381 Graiis
372 350 556 394 quantum
574 342 770 381 nocuisset
788 341 974 381 Achilles.

85 405 280 458 Adjwere
295 406 421 445 bonae
437 407 565 458 paullo
582 407 668 458 plus
684 407 777 445 artis
797 407 977 445 Athenae
991 422 1000 450 ;
1026 434 1029 439 «

86 469 244 510 Scilicet
259 477 304 509 ut
320 482 472 524 possem
486 483 604 509 curvo
622 471 850 522 dignoscere
868 479 1032 517 rectum,

85 535 219 586 Atque
235 535 336 573 inter
352 535 464 574 silvas
476 535 666 573 Academi
684 547 867 586 quaerere
884 548 1030 573 verum.

84 597 196 641 Dura
210 599 280 637 sed
292 611 469 637 emovere
486 598 574 637 loco
591 611 654 636 me
671 605 846 649 tempora
862 607 998 649 grato:

85 661 293 714 Civilisque
309 663 444 701 rudem
457 663 549 702 belli
564 663 654 701 tulit
670 670 797 701 aestus
816 663 854 700 in
872 675 990 708 arma,

86 727 261 766 Caesaris
280 727 448 778 Augusti
466 740 544 766 non
558 739 787 778 responsura
804 727 971 765 lacertis.

86 789 203 830 Unde
215 791 327 830 sixnul
339 792 504 843 primum
517 805 580 830 me
592 792 772 830 dimisere
792 791 959 842 Philippi

85 855 241 894 Decisis
255 855 439 894 humilem
453 857 604 908 pennis,
621 856 850 907 inopemque
869 855 1020 906 paterni

85 918 139 958 Et
155 920 245 960 laris
261 927 302 959 et
313 920 438 970 fundi,
454 928 659 972 paupertas
673 920 823 971 impulit
840 919 981 965 audaX,

86 984 144 1024 Ut
154 997 286 1024 versus
295 985 483 1023 facerem:
500 984 583 1031 sed,
595 983 700 1036 quod
713 997 791 1022 non
806 984 919 1030 desit,
930 983 1145 1022 habentem

89 1050 199 1092 Quae
216 1056 399 1100 poterunt
414 1061 583 1100 unquam
600 1049 691 1087 satis
709 1060 926 1099 expurgare
941 1048 1107 1094 cicutae,

87 1112 142 1151 Ni
159 1113 296 1151 melius
313 1113 481 1151 dormire
497 1120 645 1165 putem,
664 1125 779 1164 quam
797 1112 965 1151 scribere
982 1114 1138 1152 versus?

89 1177 250 1229 Singula
266 1177 316 1216 de
333 1178 444 1217 nobis
461 1177 550 1215 anni
568 1177 802 1228 praedantur
819 1184 978 1221 euntes;

88 1241 277 1293 Eripuere
289 1243 416 1292 jocos,
435 1254 630 1287 venerem,
648 1241 835 1287 convivia,
853 1241 1009 1285 ludum:

89 1305 271 1345 Tendunt
288 1313 520 1357 extorquere
537 1307 741 1357 poemata:
759 1306 852 1356 quid
868 1305 1007 1345 faciam
1024 1306 1080 1343 vis
1094 1307 1113 1345 ἶ

86 1368 268 1422 Denique
285 1383 363 1408 non
380 1382 513 1407 omnes
527 1370 661 1408 eadem
680 1370 866 1407 mirantur
881 1378 1087 1422 amantque
1098 1385 1110 1407 x

89 1434 268 1473 Carmine
285 1441 329 1472 tu
345 1434 514 1485 gaudes;
531 1434 595 1472 hic
610 1434 824 1472 delectatur
837 1434 997 1478 iambis;

86 1499 159 1536 Ille
177 1498 332 1536 Bioneis
348 1499 603 1545 sermonibus,
621 1506 661 1536 et
678 1498 757 1536 sale
775 1498 899 1548 nigro.

87 1562 185 1601 Tres
202 1562 294 1600 mihi
312 1563 495 1601 convivae
512 1575 634 1614 prope
646 1562 847 1601 dissentire
865 1562 1057 1610 videntur,

86 1626 298 1665 Poscentes
314 1627 420 1664 vario
438 1627 600 1664 multum
619 1627 769 1664 diversa
785 1627 925 1677 palato.

89 1691 193 1734 Quid
210 1690 299 1728 dem
314 1691 328 1728 ἓ
349 1690 443 1741 quid
459 1703 537 1728 non
554 1690 668 1740 dem?
685 1690 813 1729 renuis
831 1690 936 1741 quod
953 1699 1010 1736 tu,
1025 1691 1148 1740 jubet'

290 1755 408 1793 alter:

89 1819 204 1862 Quod
213 1818 327 1871 petis,
336 1818 374 1856 id
386 1830 477 1855 sane
488 1820 551 1856 est‘
559 1818 722 1856 invisum
733 1818 963 1870 acidumque
975 1819 1141 1858 duobus.

86 1882 248 1922 Praeter
265 1891 484 1929 ceterffirme
503 1882 701 1920 Romaene
719 1883 897 1934 po'e'mata
920 1895 1053 1921 censes
1090 1907 1094 1911 -

88 1946 265 1986 Scribere
283 1959 396 2000 posse
414 1947 515 1985 inter
533 1954 594 1985 tot
611 1958 736 1993 curaS,
753 1953 890 1997 totque
903 1947 1084 1986 labores?

86 2009 168 2049 Hic
186 2024 367 2063 sponsum
383 2018 520 2056 vocat;
545 2011 610 2050 hic
627 2011 800 2050 auditum
817 2012 974 2063 scripta,
994 2012 1146 2050 relictis

88 2075 280 2114 Omnibus
297 2076 429 2115 officiis
444 2091 455 2113 ε
483 2076 600 2114 cubat
613 2075 678 2114 hic
696 2075 735 2113 in
754 2075 852 2114 colle
872 2076 1036 2122 Quirini,

13 2140 15 2142 ’
89 2139 170 2188 Hic
188 2147 364 2180 extremo
382 2139 422 2179 in
433 2140 628 2179 Aventino
645 2156 656 2186 ;
681 2140 1075 2192 visendusuterquex·

145 2203 264 2243 Tou.
300 2204 358 2241 1-1„
687 2204 725 2242 S¹
