1378 2534
189 280 216 316 4
463 271 784 315 SERMONUM
834 275 869 313 Ι.
920 272 945 314 i.
1124 267 1242 318 272,

187 386 364 438 Cogeris,
382 394 450 424 aut
467 387 580 438 pictis
599 394 781 439 tanquam
799 387 970 438 gaudere
988 386 1153 426 tabellis.

185 450 327 489 Nescis
341 465 418 503 quo
432 452 558 490 valeat
572 454 770 491 nummus?
788 466 902 503 quem
913 451 1099 503 praebeat
1110 448 1238 490 usum?

186 512 304 554 Panis
321 523 484 562 ematur,
503 517 602 563 olus,
620 517 698 555 vini
717 517 932 556 sextarius:
960 516 1074 563 adde,

187 582 286 624 Quis
304 582 473 619 humana
491 581 563 619 sibi
581 581 711 620 doleat
730 589 867 620 natura
884 581 1048 633 negatis.

187 647 253 684 An
272 645 433 696 vigilare
452 654 559 684 metu
579 646 811 692 exanimem,
830 653 1045 698 noctesque
1063 645 1223 697 diesque

185 709 408 748 Formidare
426 710 548 748 malos
566 710 686 757 fures,
708 710 900 756 incendia,
927 723 1071 756 servos,

184 773 247 811 Ne
266 781 307 811 te
326 774 536 825 compilent
553 774 762 825 fugientes,
789 775 866 812 hoc
880 775 1020 825 juvat?
1048 774 1186 812 horum
1221 806 1224 807 γ

185 838 348 889 Semper
365 851 439 889 ego
459 839 623 889 optarim
641 839 908 891 pauperrimus
925 851 1011 877 esse
1034 839 1238 876 bonorum.

182 904 254 950 At,
273 903 305 941 si
325 903 523 941 condoluit
542 910 733 941 tentatum
751 903 896 954 frigore
915 915 1069 955 corpus,

183 968 268 1006 Aut
285 968 382 1006 alius
402 981 512 1006 casus
531 968 635 1006 lecto
654 975 694 1005 te
713 967 848 1013 affixit,
866 968 986 1006 habes
1006 967 1071 1020 qui

181 1032 378 1078 Assideat,
396 1032 571 1070 fomenta
588 1039 712 1082 paret,
732 1032 926 1070 medicum
945 1040 1072 1084 roget,
1091 1040 1135 1071 ut
1153 1041 1193 1073 te

180 1097 366 1143 suscitet,
394 1110 439 1134 ac
458 1097 557 1134 natis
575 1096 712 1134 reddat
731 1096 907 1148 carisque
924 1097 1165 1150 propinquis.

180 1161 272 1199 Non
291 1174 391 1199 uxor
410 1161 555 1199 salvum
573 1168 613 1198 te
630 1161 726 1207 vult,
755 1174 833 1199 non
847 1161 972 1199 filius:
1001 1174 1134 1202 omnes

179 1226 311 1264 Vicini
329 1226 509 1271 oderunt,
538 1225 635 1271 noti,
663 1226 773 1275 pueri
792 1233 909 1277 atque
927 1226 1091 1278 puellae.

178 1290 351 1336 Miraris,
371 1303 459 1328 cum
478 1296 522 1327 tu
540 1297 703 1340 argento
722 1296 809 1340 post
828 1290 958 1328 omnia
974 1303 1110 1342 ponas,

181 1355 223 1393 Si
243 1368 358 1392 nemo
377 1361 563 1405 praestet,
583 1367 698 1405 quem
718 1367 795 1392 non
814 1355 1012 1403 merearis,
1040 1368 1234 1402 amorem;

177 1419 248 1465 At,
268 1418 299 1456 si
319 1426 520 1470 cognatos,
539 1418 645 1455 nullo
666 1418 815 1457 Natura
832 1419 964 1457 labore

178 1484 288 1525 Quos
306 1483 376 1520 tibi
395 1483 475 1529 dat,
503 1483 670 1521 retinere
689 1483 783 1521 velis
801 1496 1031 1536 servareque
1048 1484 1208 1533 amicos,

176 1547 321 1586 Infelix
341 1560 498 1599 operam
516 1548 669 1598 pei-dm,
698 1555 741 1585 ut
759 1548 791 1586 si
810 1549 895 1600 quis
913 1549 1073 1588 asellum

174 1611 223 1649 In
242 1624 379 1662 campo
398 1612 538 1650 doceat
556 1619 756 1663 parentem
776 1625 932 1651 currere
948 1612 1098 1653 frenis?

174 1675 358 1727 Denique
376 1676 426 1713 sit
442 1675 529 1713 finis
541 1677 769 1727 quaerendi:
790 1690 957 1728 cumque
970 1678 1114 1717 habeas
1130 1678 1231 1731 plus‚

174 1740 405 1791 Pauperiem
424 1747 574 1779 metuas
591 1741 718 1779 minus
734 1758 744 1786 ;
770 1749 811 1780 et
828 1742 939 1780 finire
957 1743 1129 1781 laborem

173 1805 357 1856 Incipias,
385 1812 496 1855 parto
516 1806 621 1856 quod
638 1806 792 1852 avebas,
818 1818 867 1844 ne
886 1806 1005 1844 facias
1023 1808 1129 1858 quod

174 1868 392 1908 Ummidius
407 1884 417 1912 ;
436 1869 500 1918 qui
521 1876 598 1906 tam
619 1869 718 1920 (non
736 1869 852 1920 longa
867 1876 927 1907 est
939 1868 1090 1922 fabula)
1106 1870 1228 1917 dives,

173 1934 230 1973 Ut
248 1932 450 1969 metiretur
469 1946 668 1976 nummos;
697 1933 751 1970 ita
769 1933 961 1980 sordidus,
980 1941 1024 1972 ut
1041 1947 1084 1973 se

172 1998 264 2036 Non
284 2009 452 2048 unquam
473 2009 583 2034 servo
602 1997 738 2035 melius
757 1998 914 2036 vestiret
931 2014 940 2042 ;
966 1998 1016 2036 ad
1039 2011 1161 2050 usque

174 2061 406 2113 Supremum
425 2068 592 2112 tempuS‚
621 2074 669 2099 ue
688 2074 730 2099 se
749 2062 911 2112 penuria
927 2062 1053 2101 victus
1099 2063 1102 2065 “
1120 2059 1124 2062 ’

172 2125 435 2176 opprimeret,
463 2126 674 2163 metuebat.
704 2126 760 2163 At
778 2125 884 2164 hunc
901 2126 1041 2165 liberta
1057 2127 1184 2165 securi

172 2189 314 2227 Divisit
331 2189 515 2237 medium,
534 2189 742 2229 fortissima
760 2190 1085 2242 Tyndaridarum.
