1378 2534
181 241 257 279 104·
411 234 814 276 EPISTOLARUM
865 236 898 275 1.
951 233 1006 276 xi.
1139 243 1236 280 ms.-

178 351 245 388 An
264 348 466 386 Lebedum
484 347 617 386 laudas
631 347 721 385 odio
737 348 852 386 maris
870 354 987 400 atque
1004 347 1151 386 viarum
1162 349 1232 387 ἓ·-

179 415 277 462 Scis,
305 414 488 452 Lebedus
506 412 600 464 quid
618 412 689 456 sit;
716 411 852 451 Gabiis
865 412 1068 460 desertior,
1085 419 1206 464 atque
1239 407 1242 444 Ϊ

175 479 346 525 Fidenis,
364 478 494 516 vicus:
522 484 652 514 tamen
671 477 749 515 illic
766 477 896 515 vivere
909 477 1064 524 vellem,

176 543 409 593 Oblitusque
428 554 617 587 meorum,
637 541 921 580 obliviscendus
939 549 980 580 et
997 541 1086 588 illis,

174 609 404 659 Neptunum
422 606 559 658 procul
577 619 599 644 e
617 613 722 643 terra
738 612 915 657 spectare
930 605 1193 644 furenteme—

176 673 255 712 Sed
273 685 415 724 neque,
435 671 502 723 qui
521 671 656 722 Capua
675 670 840 709 Romam
857 670 972 723 petit,
985 670 1108 710 imbre
1125 671 1227 710 luto·

381 749 457 788 que

174 805 383 855 Aspersus,
410 802 514 840 volet
533 801 571 838 in
591 814 766 852 caupona
783 801 939 848 vivere;
965 816 1054 850 nec,
1073 803 1140 855 qui

171 869 309 920 Frigus
328 867 500 917 collegit,
526 865 660 904 furnos
679 873 719 904 et
735 866 875 904 balnea
891 867 1038 913 laudat,

170 934 228 973 Ut
244 933 480 971 fortunatam
499 931 613 982 plene
631 931 867 982 praestantia
883 930 1028 969 vitam2

170 998 272 1044 Nec,
291 997 322 1035 si
341 1003 381 1034 te
399 995 548 1034 validus
562 996 768 1046 jactaverit
787 996 934 1034 Auster
950 995 991 1033 in
1009 996 1104 1042 alto,

169 1062 325 1101 Idcirco
342 1073 480 1098 navem
499 1067 605 1098 trans
625 1060 828 1111 Aegaeum
842 1072 948 1098 mare
964 1060 1123 1099 vendas.

168 1125 362 1166 Incolumi
377 1125 551 1171 Rhodos,
564 1132 604 1163 et
617 1124 810 1176 Mitylene
822 1124 986 1176 pulchra
995 1125 1103 1173 facit,
1119 1125 1227 1178 quod

169 1192 320 1231 Penula
337 1190 516 1236 solstitio,
543 1196 761 1241 campestre
779 1189 968 1228 nivalibus
985 1190 1104 1238 auris,

167 1258 245 1296 Per
261 1258 438 1294 brumam
458 1254 623 1301 Tiberis,
644 1254 782 1292 Sextili
800 1267 933 1293 mense
951 1255 1138 1294 caminus.

167 1322 274 1369 Dum
292 1320 400 1366 licet,
419 1331 466 1357 ac
482 1318 632 1356 vultum
650 1326 776 1357 servat
801 1318 971 1357 Fortuna
994 1319 1223 1371 benignum,

166 1386 316 1424 Romae
334 1383 514 1422 laudetur
534 1382 682 1430 SamoS‚
701 1390 741 1420 et
761 1382 892 1430 Chios,
916 1390 957 1422 et
976 1383 1135 1424 Rhodos
1153 1386 1220 1425 ab·

370 1461 470 1487 sens.

164 1515 240 1561 Tu,
268 1525 540 1565 quamcunque
560 1513 656 1550 deus
675 1512 745 1550 tibi
762 1511 1016 1552 fortunaverit
1034 1514 1183 1562 horam,

163 1577 288 1617 Grata
305 1590 413 1616 sume
431 1590 562 1623 manu,
581 1589 658 1614 neu
677 1577 807 1616 dulcia
823 1577 934 1615 differ
950 1578 990 1615 in
1007 1591 1175 1624 annum;

164 1643 233 1689 Ut,
252 1654 486 1694 quocunque
505 1641 593 1693 loco
610 1641 743 1688 fueris,
763 1642 903 1680 vixisse
922 1642 1089 1682 libenter

162 1707 219 1744 Te
238 1706 357 1744 dIcas.
385 1705 500 1753 Nam,
520 1707 552 1744 si
571 1707 683 1753 ratio,
703 1714 742 1745 et
762 1707 970 1758 prudentia
986 1719 1113 1754 cunm,

159 1773 252 1811 Non
269 1773 378 1811 locus
397 1772 505 1811 effusi
523 1772 600 1810 late
619 1773 735 1811 maris
752 1773 911 1819 arbiter,
929 1772 1056 1811 aufert
1075 1788 1086 1818 ;

159 1838 339 1884 Coelum,
371 1851 449 1875 non
479 1838 648 1875 animum
681 1845 846 1884 mutant,
876 1837 942 1889 qui
971 1844 1078 1876 trans
1106 1850 1213 1878 mare

362 1909 537 1941 currunt⁴

159 1969 327 2008 Strenua
344 1980 413 2007 nos
432 1975 594 2006 exercet
613 1968 772 2006 inertia:
801 1967 962 2006 navibus
978 1973 1096 2019 atque

158 2032 364 2084 Quadrigis
382 2032 550 2083 petimus
568 2033 668 2072 bene
687 2033 827 2070 vivere.
870 2032 986 2075 Quod
1002 2032 1117 2084 petis,
1145 2032 1211 2073 hic

360 2104 432 2146 est,

157 2161 227 2201 Est
243 2162 415 2210 Ulubris,
431 2162 579 2207 animus
592 2163 624 2203 si
637 2170 675 2202 te
688 2175 765 2207 non
778 2161 909 2202 deficit
921 2174 1084 2214 aequus-
