1378 2534
201 246 253 285 64
466 241 787 284 SERMONUM
837 240 891 283 ΙΙ.
945 239 994 284 iv.
1139 247 1268 289 v.712·

203 356 305 394 Nam
322 355 420 394 facie
438 363 647 408 praestant.
676 355 879 394 Venucula
898 356 1080 394 convenit
1097 355 1204 395 ollis:

203 420 365 459 Rectius
385 421 575 459 Albanam
592 421 700 459 fumo
718 421 914 459 duraveris
933 434 1058 459 uvam.

204 484 319 523 Hanc
339 498 412 536 ego
431 499 518 523 cum
538 486 659 532 malis,
673 499 747 537 ego
759 485 908 524 faecem
922 486 1067 537 primus
1081 493 1121 524 et
1132 486 1243 532 allec,

203 550 357 588 Primus
376 557 417 588 et
435 551 609 588 invenior
627 551 737 602 piper
755 551 896 597 album,
916 564 1004 590 cum
1022 551 1100 589 sale
1119 551 1231 602 nigro

201 614 415 661 Incrctum,
434 616 539 667 puris
559 615 876 667 circumposuisse
897 615 1045 654 catillis.

200 680 375 718 Immane
394 688 454 719 est
470 681 619 726 vitium,
640 681 732 718 dare
750 681 870 718 millia
887 688 999 719 terna
1014 682 1191 728 macello,

202 745 464 796 Angustoque
483 758 601 796 vagos
620 745 744 795 pisces
764 758 930 796 urguere
949 746 1090 784 catino.

198 809 346 860 Magna
364 816 493 847 movet
511 809 711 847 stomacho
729 809 894 856 fastidia,
922 823 990 848 seu
1001 823 1098 862 puer
1116 786 1244 848 unctis

200 873 380 912 Tractav'
359 882 400 912 1t
419 875 579 912 calicem
594 875 782 921 manibus,
803 875 893 912 dum
908 874 1013 912 furta
1030 873 1206 925 ligurrit3

199 938 288 976 Sive
308 939 434 990 gravis
452 939 572 977 veteri
592 946 765 977 craterae
784 939 897 977 limus
915 939 1101 978 adhaesit.

197 1003 349 1041 Vilibus
367 1004 406 1041 in
425 1004 564 1055 scopis,
585 1005 621 1041 in
643 1004 802 1056 mappis,
829 1005 868 1041 in
887 991 1018 1051 scobe,
1037 1010 1204 1056 quantus

198 1068 384 1107 Consistit
402 1069 580 1107 sumtus?
610 1069 812 1120 neglectis,
831 1069 1022 1120 flagitium
1041 1069 1190 1120 ingens.

198 1134 297 1171 Ten’
316 1135 463 1185 lapides
480 1134 605 1172 varios
622 1134 814 1171 lutulenta
831 1133 969 1171 radere
982 1133 1126 1185 palma,

198 1198 250 1235 Et
270 1198 407 1249 Tyrias
425 1198 518 1236 dare
537 1198 683 1236 circum
703 1198 809 1235 illota
826 1197 963 1235 toralia
977 1204 1120 1244 vestes,

198 1262 388 1310 Oblitum,
408 1270 552 1314 quanto
572 1275 704 1300 curam
723 1269 970 1314 sumtumque
987 1262 1176 1301 minorem

198 1327 311 1366 Haec
329 1327 510 1373 habeant,
530 1334 640 1365 tanto
658 1326 837 1378 reprendi
851 1327 993 1377 justius
1010 1326 1098 1373 illis,

198 1392 308 1434 Quae
321 1392 392 1429 nisi
405 1392 586 1430 divitibus
600 1398 796 1443 nequeant
811 1391 1040 1443 contingere
1051 1393 1255 1432 mensis?—

196 1456 328 1494 Docte
349 1457 540 1508 Cati,‘per
558 1457 766 1495 amicitiam
785 1456 969 1508 divosque
987 1464 1160 1508 rogatus,

196 1520 357 1559 Ducere
370 1535 431 1559 me
443 1522 631 1568 auditum,
639 1534 779 1573 perges
791 1529 1253 1574 quocunque,memen¹to.

196 1585 315 1632 Nam,
327 1586 499 1637 quamvis
513 1586 674 1625 memori
686 1586 830 1625 referas
845 1586 938 1624 mihi
956 1594 1115 1638 pectore
1134 1599 1252 1626 cunc·

196 1651 285 1689 Non
298 1658 428 1689 tamen
441 1651 630 1703 interpres
642 1650 870 1689 tantundem
877 1652 1036 1702 juveris.
1049 1650 1166 1689 Adde
1173 1653 1251 1701 [ta,

197 1716 357 1753 Vultum
369 1716 621 1768 habitumque
634 1715 811 1760 hominis;
824 1728 939 1767 quem
950 1715 1150 1763 tu,vidisse
1160 1715 1251 1753 bea-

197 1778 287 1817 Non
302 1781 594 1832 magnipendis,
604 1782 693 1832 quia
705 1781 882 1832 contigit:
894 1787 934 1818 at
945 1780 1038 1818 mihi
1050 1791 1144 1818 cura
1150 1781 1253 1830 [tus,

197 1844 286 1882 Non
305 1846 510 1884 mediocris
530 1846 642 1893 inest,
661 1846 788 1884 fontes
807 1853 850 1884 ut
868 1843 975 1884 adire
994 1852 1163 1884 remotos

196 1910 328 1960 Atque
347 1910 500 1947 haurire
519 1924 657 1961 queam
675 1911 776 1949 vitae
794 1917 1003 1962 praecepta
1018 1910 1174 1949 beatae.
