1378 2534
226 246 279 286 46
512 242 834 289 SERMONUM
884 249 939 288 ΙΙ.
990 250 1032 288 ii.
1170 254 1288 293 v138.

225 357 392 408 Jejunus
410 371 497 397 raro
515 360 739 398 stomachus
756 360 931 412 vulgaria
947 361 1099 401 temnit.

224 423 455 463 Porrectum
474 437 617 477 magno
635 436 820 476 magnum
837 433 1016 478 spectare
1035 427 1168 467 catino

223 488 391 536 Vellem,
399 489 453 527 ait
466 489 652 541 Harpyiis
664 490 757 541 gula
768 490 887 542 digna
898 492 1113 544 rapacibus.
1128 493 1186 532 At
1197 505 1280 541 vos,

223 554 456 593 Praesentes
470 555 620 603 Austri,
634 555 791 607 coquite
803 556 942 595 horum
957 557 1133 596 obsonia:
1147 571 1281 610 quam-

431 634 545 672 quam

222 684 341 724 Putet
352 699 446 737 aper
458 685 719 738 rhombusque
731 699 882 734 recens,
889 687 991 725 mala
1002 687 1115 740 copia
1125 688 1283 740 quando

222 752 399 802 Aegrum
412 751 594 789 sollicitat
608 751 783 789 stomach
789 765 870 796 um;
889 765 978 790 cum
996 753 1131 804 rapula
1141 753 1281 805 plenus

221 819 356 868 Atque
369 817 499 854 acidas
512 817 658 854 mavult
670 817 805 855 inulas.
826 817 863 854 N
865 830 912 855 ec
924 817 1017 855 dum
1029 818 1154 857 omnis
1164 819 1279 858 abac·

219 881 432 933 Pauperies
451 882 575 932 epulis
594 894 753 932 regum;
772 894 860 920 nam
874 882 1014 920 vilibus
1033 882 1115 921 ovis
1214 885 1280 934 [ta

217 946 430 998 Nigr-isque
449 942 508 984 e'st
528 947 623 984 oleis
641 946 758 985 hodie
775 947 896 985 locus.
924 946 1045 985 Haud
1058 946 1114 985 ita
1125 947 1277 999 pridem

218 1012 376 1050 Galloni
394 1011 597 1063 praeconis
615 1019 700 1049 erat
718 1012 944 1063 acipensere
961 1024 1098 1050 mensa
1127 1011 1275 1062 [hanff

217 1078 390 1117 Infamis.
419 1077 545 1120 Quid?
566 1084 651 1115 tum
669 1077 852 1116 rhombos
869 1077 997 1116 minus
1015 1090 1185 1130 aequora
1196 1077 1276 1118 ale-

215 1145 341 1183 Tutus
361 1151 443 1182 erat
462 1143 661 1190 rhombus,
691 1149 855 1195 tutoque
875 1143 1028 1182 ciconia
1044 1143 1151 1192 nido,

211 1210 356 1249 Donec
375 1223 442 1247 vos
460 1215 598 1247 auctor
616 1208 750 1246 docuit
767 1209 996 1260 praetorius.
1024 1209 1146 1260 Ergo,

216 1277 258 1315 Si
277 1276 362 1328 quis
381 1288 486 1313 nunc
506 1286 659 1324 mergos
677 1286 813 1311 suaves
832 1274 1001 1312 edixerit
1018 1287 1140 1322 assos,

213 1341 387 1387 Parebit,
406 1339 514 1392 pravi
532 1338 683 1384 docilis,
709 1337 885 1376 Romana
903 1341 1101 1390 juventus.

212 1405 401 1445 Sordidus
420 1418 443 1443 a
461 1404 569 1443 tenui
588 1403 693 1441 victu
713 1403 884 1450 distabit,
904 1403 1037 1443 Ofello

209 1470 352 1510 Judice
368 1484 378 1507 ε
406 1482 495 1508 nam
515 1468 657 1507 frustra
673 1468 808 1507 vitium
827 1468 1007 1507 vitaveris
1026 1468 1136 1516 illud,

211 1536 254 1575 si
272 1544 312 1574 te
331 1534 407 1573 alio
425 1546 566 1586 pravus
584 1532 802 1572 detorseris.
832 1533 1063 1582 Avidienus,

209 1600 286 1640 Cui
306 1600 423 1639 Canis
442 1612 492 1638 ex
511 1611 604 1636 vero
623 1597 783 1636 ductum
803 1610 1023 1650 cognomen
1042 1598 1244 1648 adhaeret,

209 1663 613 1718 Quinquennes-oleas
631 1670 705 1710 est,
732 1670 772 1701 et
790 1663 982 1703 silvestria
998 1675 1140 1710 corna3

207 1732 288 1778 Ac,
315 1731 389 1768 nisi
406 1737 614 1776 mutatum,
643 1729 768 1780 parcit
788 1728 1004 1767 defundere
1022 1729 1178 1773 vinum;
1195 1734 1251 1777 et,

209 1796 331 1846 Cujus
351 1796 510 1834 odorem
530 1795 605 1833 olei
629 1807 802 1846 nequeas
819 1795 1008 1846 perferre,
1041 1793 1197 1846 (licebit

205 1860 279 1899 Ille
298 1859 462 1911 repotia,
482 1859 643 1906 natales,
670 1859 814 1898 aliosve
833 1859 983 1898 dierum

205 1924 356 1971 Festos,
375 1923 526 1962 albatus
547 1924 743 1976 celebret)
775 1936 897 1963 cornu
917 1923 999 1976 ipse
1016 1923 1146 1962 bilibri

207 1988 394 2029 Caulibus
412 1988 586 2035 instillat,
604 1989 748 2027 veteris
767 2002 843 2027 non
862 2001 1003 2040 parcus
1020 1988 1135 2027 aceti.

207 2053 323 2096 Quali
341 2052 459 2104 igitur
476 2053 583 2091 victu
600 2053 752 2104 sapiens
771 2060 916 2099 utetur,
935 2059 976 2090 et
994 2052 1135 2091 horum·
1157 2053 1265 2102 [unt.

206 2107 350 2157 Utrum
362 2116 590 2156 imitabitur?
607 2117 696 2155 Hac
709 2124 850 2168 urguet
861 2117 1069 2168 lupuS,hac
1083 2115 1203 2163 canis,
1210 2105 1266 2154 ai-

206 2181 382 2222 Mundus
400 2181 487 2230 erit,
516 2195 591 2234 qua
611 2194 688 2222 non
708 2180 878 2220 offendat
895 2181 1087 2234 sordibus,
1119 2186 1243 2233 atque
