1378 2534
186 225 262 263 102
418 220 824 262 EPISTOLARUM
874 223 906 262 1.
958 237 1000 264 x.
1149 237 1186 264 v.
1202 228 1241 265 6.

187 335 248 372 Tu
266 334 399 372 nidum
417 347 559 381 servas,
587 347 662 386 ego
680 333 796 372 laudo
814 334 913 372 ruris
931 333 1084 373 amoeni
1103 335 1105 339 ’

187 400 320 446 Rivos‚
339 406 380 438 et
398 413 532 437 musco
552 398 770 437 circumlita
786 411 893 445 saxa,
912 412 1138 450 nemusque.

186 465 303 512 Quid,
324 464 499 515 quaeris?
520 464 620 510 vivo,
640 470 680 501 et
698 475 835 515 regno,
860 463 972 502 simul
991 463 1066 503 ista
1083 463 1237 516 reliqui,

185 532 295 573 Quae
314 543 381 568 vos
400 530 449 568 ad
468 529 618 568 coelum
639 529 749 566 fertis
766 541 920 569 rumore
938 529 1133 575 secundm

186 597 318 648 thue
337 594 546 638 sacerdotis
561 593 748 644 fugitivus
765 594 843 632 liba
861 606 1014 642 recuso,

185 662 291 699 Pane
310 673 423 712 egeo,
446 661 526 710 jam
544 658 697 696 mellitis
715 658 867 709 potiore
885 658 1088 710 placentis.

184 726 326 764 Vivere
345 732 507 763 naturae
525 723 556 761 si
575 722 851 761 convenienter
869 731 1038 776 oportet,

184 790 474 840 Ponendaeque
494 788 609 826 domo
631 789 850 839 quaerenda
868 795 929 828 est
946 801 1037 828 area
1054 789 1238 842 primum;

184 855 388 893 Novistine
407 854 537 891 locum
554 853 745 904 potiorem
763 866 853 892 rure
870 854 986 892 beato
1001 855 1015 892 ?

183 920 267 966 Est,
287 919 351 957 ubi
370 918 457 970 plus
475 925 635 969 tepeant
652 918 830 957 hiemes?
858 917 926 957 ubi
943 918 1091 970 gratior
1107 932 1202 958 aura

180 984 322 1023 Leniat
339 991 378 1021 et
397 983 542 1022 rabiem
562 983 691 1030 Canis,
710 990 750 1022 et
767 990 964 1022 momenta
980 983 1140 1031 Leonis,

181 1050 280 1088 Cum
298 1049 416 1087 semel
434 1048 585 1101 accepit
605 1047 734 1086 Solem
751 1047 981 1086 furibundus
998 1049 1184 1088 acutum?

181 1115 255 1153 Est
272 1114 338 1153 ubi
357 1114 524 1165 depellat
542 1126 696 1151 somnos
714 1113 839 1151 minus
857 1113 987 1152 invida
1011 1115 1135 1153 cura?

180 1179 365 1218 Deterius
383 1178 541 1230 Libycis
560 1178 639 1216 olet
657 1185 723 1216 aut
741 1177 839 1216 nitet
856 1177 978 1216 herba
993 1178 1158 1230 lapillis?

179 1244 320 1282 Purior
337 1243 375 1281 in
394 1243 487 1282 vicis
506 1256 605 1294 aqua
622 1243 747 1281 tendit
765 1255 944 1294 rumpere
960 1243 1174 1295 plumbum,

180 1310 307 1352 Quam
331 1322 431 1361 quae
453 1322 523 1359 per
548 1322 712 1360 pronum
738 1307 907 1359 trepidat
930 1319 1020 1346 cum
1043 1321 1238 1348 murmure

386 1373 508 1411 rivum
521 1374 535 1412 ?

180 1439 332 1490 Nempe
352 1439 452 1477 inter
469 1438 591 1476 varias
610 1437 777 1476 nutritur
794 1437 888 1476 silva
905 1437 1116 1484 columnas,

179 1503 456 1554 Laudaturque
469 1503 618 1548 domus,
633 1502 771 1553 longos
790 1514 890 1554 quae
907 1502 1094 1554 prospicit
1111 1516 1241 1554 agros*

178 1570 366 1608 Naturam
385 1568 556 1620 expelles
573 1567 697 1613 furca,
726 1574 855 1605 tamen
874 1579 996 1618 usque
1015 1575 1202 1615 recurret,

178 1636 231 1673 Et
248 1635 349 1672 mala
366 1639 588 1685 perrumpet
604 1631 737 1670 furtim
754 1631 908 1670 fastidia
929 1633 1082 1672 victrix.

177 1700 284 1746 Non,
304 1698 368 1750 qui
390 1688 549 1735 Sidonio
569 1697 807 1735 contendere
828 1697 987 1735 callidus
1006 1705 1111 1736 ostro

178 1765 316 1803 Nescit
335 1763 571 1814 Aquinatem
590 1762 765 1813 potantia
782 1762 926 1801 vellera
941 1761 1090 1808 fucum,

179 1829 335 1867 Certius
354 1827 521 1878 accipiet
539 1827 735 1874 damnum,
754 1827 960 1879 propiusve
978 1826 1170 1874 medullis,

179 1894 305 1935 Quam
325 1891 389 1942 qui
409 1904 487 1929 non
507 1891 650 1942 poterit
667 1904 760 1929 vero
778 1890 1016 1942 distinguere
1034 1879 1184 1928 falsum.

177 1959 304 2000 Quem
324 1970 383 1994 res
402 1956 486 2007 plus
506 1956 624 1994 nimio
644 1956 887 1994 delectavere
905 1954 1115 2001 secundae,

178 2022 358 2059 Mutatae
377 2020 551 2070 quatient
568 2034 578 2057 ε
605 2020 636 2057 si
656 2020 748 2071 quid
765 2019 968 2065 mirabere,
986 2031 1107 2070 pones

178 2086 340 2124 Invitus.
369 2085 475 2136 Fuge
495 2098 660 2135 magna:
689 2084 782 2122 licet
799 2084 869 2122 sub
889 2096 1058 2135 paupere
1077 2091 1183 2123 tecto

180 2151 310 2202 Reges
329 2158 369 2189 et
386 2163 520 2201 regum
538 2149 617 2187 vita
630 2162 881 2200 praecurrere
899 2149 1055 2187 amicos.
