<?xml version="1.0" encoding="UTF-8"?>
<!DOCTYPE html PUBLIC "-//W3C//DTD XHTML 1.0 Transitional//EN"
    "http://www.w3.org/TR/xhtml1/DTD/xhtml1-transitional.dtd">
<html xmlns="http://www.w3.org/1999/xhtml" xml:lang="en" lang="en">
 <head>
  <title>
</title>
<meta http-equiv="Content-Type" content="text/html;charset=utf-8" />
  <meta name='ocr-system' content='tesseract 3.04.00' />
  <meta name='ocr-capabilities' content='ocr_page ocr_carea ocr_par ocr_line ocrx_word'/>
</head>
<body>
  <div class='ocr_page' id='page_1' title='image "./operahunt02horauoft_0062.png"; bbox 0 0 1378 2534; ppageno 0'>
   <div class='ocr_carea' id='block_1_1' title="bbox 206 230 1260 286">
    <p class='ocr_par' dir='ltr' id='par_1_1' title="bbox 206 230 1260 286">
     <span class='ocr_line' id='line_1_1' title="bbox 206 230 1260 286; baseline 0.01 -11"><span class='ocrx_word' id='word_1_1' title='bbox 206 245 260 285; x_wconf 77' lang='lat'>52</span> <span class='ocrx_word' id='word_1_2' title='bbox 467 230 788 280; x_wconf 74' lang='lat' dir='ltr'><strong>SERMONUM</strong></span> <span class='ocrx_word' id='word_1_3' title='bbox 838 239 893 278; x_wconf 88' lang='lat'>11.</span> <span class='ocrx_word' id='word_1_4' title='bbox 944 239 998 280; x_wconf 83' lang='lat' dir='ltr'>iii.</span> <span class='ocrx_word' id='word_1_5' title='bbox 1142 256 1178 282; x_wconf 76' lang='lat' dir='ltr'>v.</span> <span class='ocrx_word' id='word_1_6' title='bbox 1190 247 1260 286; x_wconf 67' lang='lat'>64.</span> 
     </span>
    </p>
   </div>
   <div class='ocr_carea' id='block_1_2' title="bbox 206 349 1268 2211">
    <p class='ocr_par' dir='ltr' id='par_1_2' title="bbox 206 349 1268 2211">
     <span class='ocr_line' id='line_1_2' title="bbox 209 349 1177 401; baseline 0.001 -12"><span class='ocrx_word' id='word_1_7' title='bbox 209 349 358 389; x_wconf 78' lang='lat' dir='ltr'>Insanit</span> <span class='ocrx_word' id='word_1_8' title='bbox 374 356 526 388; x_wconf 85' lang='lat' dir='ltr'>veteres</span> <span class='ocrx_word' id='word_1_9' title='bbox 542 356 692 388; x_wconf 77' lang='lat' dir='ltr'>statuas</span> <span class='ocrx_word' id='word_1_10' title='bbox 709 349 968 401; x_wconf 80' lang='lat' dir='ltr'>Damasippus</span> <span class='ocrx_word' id='word_1_11' title='bbox 986 352 1177 392; x_wconf 75' lang='lat' dir='ltr'>emendo:</span> 
     </span>
     <span class='ocr_line' id='line_1_3' title="bbox 207 413 1195 468; baseline 0 -13"><span class='ocrx_word' id='word_1_12' title='bbox 207 414 371 468; x_wconf 80' lang='lat' dir='ltr'>Integer</span> <span class='ocrx_word' id='word_1_13' title='bbox 388 422 448 454; x_wconf 87' lang='lat' dir='ltr'>est</span> <span class='ocrx_word' id='word_1_14' title='bbox 465 414 606 453; x_wconf 83' lang='lat' dir='ltr'>mentis</span> <span class='ocrx_word' id='word_1_15' title='bbox 623 414 850 466; x_wconf 73' lang='lat' dir='ltr'><strong>Damasippi</strong></span> <span class='ocrx_word' id='word_1_16' title='bbox 869 413 1068 454; x_wconf 69' lang='lat' dir='ltr'>creditor?</span> <span class='ocrx_word' id='word_1_17' title='bbox 1085 423 1195 456; x_wconf 81' lang='lat' dir='ltr'>esto:</span> 
     </span>
     <span class='ocr_line' id='line_1_4' title="bbox 210 478 1260 531; baseline 0.003 -14"><span class='ocrx_word' id='word_1_18' title='bbox 210 479 378 531; x_wconf 86' lang='lat' dir='ltr'>Accipe,</span> <span class='ocrx_word' id='word_1_19' title='bbox 393 478 497 530; x_wconf 89' lang='lat' dir='ltr'>quod</span> <span class='ocrx_word' id='word_1_20' title='bbox 508 491 705 530; x_wconf 81' lang='lat' dir='ltr'>nunquam</span> <span class='ocrx_word' id='word_1_21' title='bbox 713 478 855 517; x_wconf 72' lang='lat' dir='ltr'>reddas</span> <span class='ocrx_word' id='word_1_22' title='bbox 865 478 972 526; x_wconf 86' lang='lat' dir='ltr'>mihi,</span> <span class='ocrx_word' id='word_1_23' title='bbox 983 478 1015 518; x_wconf 76' lang='lat' dir='ltr'>si</span> <span class='ocrx_word' id='word_1_24' title='bbox 1026 479 1097 518; x_wconf 83' lang='lat' dir='ltr'>tibi</span> <span class='ocrx_word' id='word_1_25' title='bbox 1110 479 1260 527; x_wconf 77' lang='lat' dir='ltr'>dicam;</span> 
     </span>
     <span class='ocr_line' id='line_1_5' title="bbox 211 542 1262 595; baseline 0.001 -12"><span class='ocrx_word' id='word_1_26' title='bbox 211 542 324 583; x_wconf 85' lang='lat' dir='ltr'>Tune</span> <span class='ocrx_word' id='word_1_27' title='bbox 336 544 490 582; x_wconf 87' lang='lat' dir='ltr'>insanus</span> <span class='ocrx_word' id='word_1_28' title='bbox 502 542 592 590; x_wconf 88' lang='lat' dir='ltr'>eris,</span> <span class='ocrx_word' id='word_1_29' title='bbox 605 543 639 581; x_wconf 91' lang='lat' dir='ltr'>si</span> <span class='ocrx_word' id='word_1_30' title='bbox 655 543 880 595; x_wconf 76' lang='lat' dir='ltr'>acceperis?</span> <span class='ocrx_word' id='word_1_31' title='bbox 900 556 949 583; x_wconf 79' lang='lat' dir='ltr'>au</span> <span class='ocrx_word' id='word_1_32' title='bbox 967 544 1089 595; x_wconf 84' lang='lat' dir='ltr'>magis</span> <span class='ocrx_word' id='word_1_33' title='bbox 1102 557 1262 593; x_wconf 79' lang='lat' dir='ltr'>excors,</span> 
     </span>
     <span class='ocr_line' id='line_1_6' title="bbox 210 607 1260 660; baseline 0.002 -13"><span class='ocrx_word' id='word_1_34' title='bbox 210 608 378 660; x_wconf 87' lang='lat' dir='ltr'>Rejecta</span> <span class='ocrx_word' id='word_1_35' title='bbox 394 609 552 660; x_wconf 84' lang='lat' dir='ltr'>praeda,</span> <span class='ocrx_word' id='word_1_36' title='bbox 581 621 695 660; x_wconf 87' lang='lat' dir='ltr'>quam</span> <span class='ocrx_word' id='word_1_37' title='bbox 714 621 896 660; x_wconf 83' lang='lat' dir='ltr'>praesens</span> <span class='ocrx_word' id='word_1_38' title='bbox 921 607 1140 648; x_wconf 82' lang='lat' dir='ltr'>Mercurius</span> <span class='ocrx_word' id='word_1_39' title='bbox 1157 609 1260 649; x_wconf 83' lang='lat' dir='ltr'>fert?</span> 
     </span>
     <span class='ocr_line' id='line_1_7' title="bbox 208 673 1262 718; baseline 0.003 -6"><span class='ocrx_word' id='word_1_40' title='bbox 208 673 349 712; x_wconf 64' lang='lat' dir='ltr'>&gt;Scribe</span> <span class='ocrx_word' id='word_1_41' title='bbox 368 674 506 713; x_wconf 90' lang='lat' dir='ltr'>decem</span> <span class='ocrx_word' id='word_1_42' title='bbox 524 687 548 712; x_wconf 86' lang='lat' dir='ltr'>a</span> <span class='ocrx_word' id='word_1_43' title='bbox 567 673 688 712; x_wconf 88' lang='lat' dir='ltr'>Nerio</span> <span class='ocrx_word' id='word_1_44' title='bbox 702 689 711 718; x_wconf 91' lang='lat'>;</span> <span class='ocrx_word' id='word_1_45' title='bbox 729 686 808 711; x_wconf 85' lang='lat' dir='ltr'>non</span> <span class='ocrx_word' id='word_1_46' title='bbox 820 681 880 712; x_wconf 86' lang='lat' dir='ltr'>est</span> <span class='ocrx_word' id='word_1_47' title='bbox 893 674 1014 712; x_wconf 78' lang='lat' dir='ltr'>satis:</span> <span class='ocrx_word' id='word_1_48' title='bbox 1031 674 1132 714; x_wconf 76' lang='lat' dir='ltr'>adde</span> <span class='ocrx_word' id='word_1_49' title='bbox 1144 675 1262 716; x_wconf 51' lang='lat' dir='ltr'>Ciouff</span> 
     </span>
     <span class='ocr_line' id='line_1_8' title="bbox 210 737 1262 790; baseline 0.002 -13"><span class='ocrx_word' id='word_1_50' title='bbox 210 737 360 778; x_wconf 90' lang='lat' dir='ltr'>Nodosi</span> <span class='ocrx_word' id='word_1_51' title='bbox 379 739 529 778; x_wconf 80' lang='lat' dir='ltr'>tabulas</span> <span class='ocrx_word' id='word_1_52' title='bbox 540 746 713 781; x_wconf 72' lang='lat' dir='ltr'>centium</span> <span class='ocrx_word' id='word_1_53' title='bbox 728 738 831 778; x_wconf 74' lang='lat' dir='ltr'>misse</span> <span class='ocrx_word' id='word_1_54' title='bbox 846 738 946 777; x_wconf 86' lang='lat' dir='ltr'>adde</span> <span class='ocrx_word' id='word_1_55' title='bbox 955 747 1134 778; x_wconf 79' lang='lat' dir='ltr'>catenas:</span> <span class='ocrx_word' id='word_1_56' title='bbox 1175 742 1262 790; x_wconf 78' lang='lat' dir='ltr'>[tae</span> 
     </span>
     <span class='ocr_line' id='line_1_9' title="bbox 208 795 1245 855; baseline 0.001 -13"><span class='ocrx_word' id='word_1_57' title='bbox 208 802 383 855; x_wconf 88' lang='lat' dir='ltr'>Effugiet</span> <span class='ocrx_word' id='word_1_58' title='bbox 400 810 531 843; x_wconf 80' lang='lat' dir='ltr'>tamen</span> <span class='ocrx_word' id='word_1_59' title='bbox 549 804 646 842; x_wconf 82' lang='lat' dir='ltr'>haec</span> <span class='ocrx_word' id='word_1_60' title='bbox 664 795 876 842; x_wconf 85' lang='lat' dir='ltr'>sceleratus</span> <span class='ocrx_word' id='word_1_61' title='bbox 892 803 1048 842; x_wconf 82' lang='lat' dir='ltr'>vincula</span> <span class='ocrx_word' id='word_1_62' title='bbox 1067 804 1245 843; x_wconf 75' lang='lat' dir='ltr'>Proteus.</span> 
     </span>
     <span class='ocr_line' id='line_1_10' title="bbox 209 867 1262 920; baseline 0 -13"><span class='ocrx_word' id='word_1_63' title='bbox 209 867 311 907; x_wconf 85' lang='lat' dir='ltr'>Cum</span> <span class='ocrx_word' id='word_1_64' title='bbox 322 869 447 920; x_wconf 85' lang='lat' dir='ltr'>rapies</span> <span class='ocrx_word' id='word_1_65' title='bbox 461 867 571 919; x_wconf 85' lang='lat' dir='ltr'>injus</span> <span class='ocrx_word' id='word_1_66' title='bbox 586 868 694 906; x_wconf 83' lang='lat' dir='ltr'>malis</span> <span class='ocrx_word' id='word_1_67' title='bbox 709 867 901 906; x_wconf 83' lang='lat' dir='ltr'><strong>ridentem</strong></span> <span class='ocrx_word' id='word_1_68' title='bbox 912 868 1048 907; x_wconf 80' lang='lat' dir='ltr'>alienis</span> <span class='ocrx_word' id='word_1_69' title='bbox 1063 884 1074 913; x_wconf 81' lang='lat'>3</span> <span class='ocrx_word' id='word_1_70' title='bbox 1112 869 1262 918; x_wconf 79' lang='lat' dir='ltr'>[arbor.</span> 
     </span>
     <span class='ocr_line' id='line_1_11' title="bbox 208 932 1262 985; baseline -0.001 -14"><span class='ocrx_word' id='word_1_71' title='bbox 208 932 297 972; x_wconf 84' lang='lat' dir='ltr'><strong>Fiet</strong></span> <span class='ocrx_word' id='word_1_72' title='bbox 308 946 415 985; x_wconf 84' lang='lat' dir='ltr'>aper,</span> <span class='ocrx_word' id='word_1_73' title='bbox 433 934 550 973; x_wconf 88' lang='lat' dir='ltr'>modo</span> <span class='ocrx_word' id='word_1_74' title='bbox 561 933 655 981; x_wconf 87' lang='lat' dir='ltr'>avis,</span> <span class='ocrx_word' id='word_1_75' title='bbox 669 933 785 972; x_wconf 83' lang='lat' dir='ltr'>modo</span> <span class='ocrx_word' id='word_1_76' title='bbox 800 945 950 980; x_wconf 78' lang='lat' dir='ltr'>saxum,</span> <span class='ocrx_word' id='word_1_77' title='bbox 965 939 1020 980; x_wconf 88' lang='lat' dir='ltr'>et,</span> <span class='ocrx_word' id='word_1_78' title='bbox 1038 946 1129 971; x_wconf 89' lang='lat' dir='ltr'>cum</span> <span class='ocrx_word' id='word_1_79' title='bbox 1141 933 1262 980; x_wconf 85' lang='lat' dir='ltr'>volet,</span> 
     </span>
     <span class='ocr_line' id='line_1_12' title="bbox 208 997 1251 1050; baseline -0.001 -14"><span class='ocrx_word' id='word_1_80' title='bbox 208 997 253 1036; x_wconf 84' lang='lat' dir='ltr'>si</span> <span class='ocrx_word' id='word_1_81' title='bbox 264 998 365 1039; x_wconf 83' lang='lat' dir='ltr'>male</span> <span class='ocrx_word' id='word_1_82' title='bbox 375 1012 459 1037; x_wconf 85' lang='lat' dir='ltr'>rem</span> <span class='ocrx_word' id='word_1_83' title='bbox 472 1011 610 1050; x_wconf 87' lang='lat' dir='ltr'>gerere</span> <span class='ocrx_word' id='word_1_84' title='bbox 629 998 750 1037; x_wconf 87' lang='lat' dir='ltr'>insani</span> <span class='ocrx_word' id='word_1_85' title='bbox 770 1005 847 1044; x_wconf 81' lang='lat' dir='ltr'>est3</span> <span class='ocrx_word' id='word_1_86' title='bbox 860 1004 1011 1045; x_wconf 81' lang='lat' dir='ltr'>contra,</span> <span class='ocrx_word' id='word_1_87' title='bbox 1023 998 1126 1036; x_wconf 87' lang='lat' dir='ltr'>bene</span> <span class='ocrx_word' id='word_1_88' title='bbox 1144 997 1251 1043; x_wconf 77' lang='lat' dir='ltr'>sani;</span> 
     </span>
     <span class='ocr_line' id='line_1_13' title="bbox 209 1061 1252 1110; baseline -0.003 -8"><span class='ocrx_word' id='word_1_89' title='bbox 209 1062 387 1102; x_wconf 86' lang='lat' dir='ltr'>Putidius</span> <span class='ocrx_word' id='word_1_90' title='bbox 404 1063 525 1102; x_wconf 86' lang='lat' dir='ltr'>multo</span> <span class='ocrx_word' id='word_1_91' title='bbox 543 1063 743 1102; x_wconf 87' lang='lat' dir='ltr'>cerebrum</span> <span class='ocrx_word' id='word_1_92' title='bbox 760 1070 834 1109; x_wconf 86' lang='lat' dir='ltr'>est,</span> <span class='ocrx_word' id='word_1_93' title='bbox 851 1062 946 1100; x_wconf 75' lang='lat' dir='ltr'>mihi</span> <span class='ocrx_word' id='word_1_94' title='bbox 962 1061 1094 1109; x_wconf 84' lang='lat' dir='ltr'>crede,</span> <span class='ocrx_word' id='word_1_95' title='bbox 1104 1061 1252 1110; x_wconf 82' lang='lat' dir='ltr'>Perilli,</span> 
     </span>
     <span class='ocr_line' id='line_1_14' title="bbox 209 1126 1200 1180; baseline -0.002 -14"><span class='ocrx_word' id='word_1_96' title='bbox 209 1127 421 1175; x_wconf 81' lang='lat' dir='ltr'>Dictantis‚</span> <span class='ocrx_word' id='word_1_97' title='bbox 448 1128 554 1180; x_wconf 87' lang='lat' dir='ltr'>quod</span> <span class='ocrx_word' id='word_1_98' title='bbox 570 1135 614 1166; x_wconf 93' lang='lat' dir='ltr'>tu</span> <span class='ocrx_word' id='word_1_99' title='bbox 631 1140 827 1179; x_wconf 87' lang='lat' dir='ltr'>nunquam</span> <span class='ocrx_word' id='word_1_100' title='bbox 845 1126 1054 1166; x_wconf 82' lang='lat' dir='ltr'>rescribere</span> <span class='ocrx_word' id='word_1_101' title='bbox 1067 1126 1200 1178; x_wconf 85' lang='lat' dir='ltr'>possis.</span> 
     </span>
     <span class='ocr_line' id='line_1_15' title="bbox 211 1190 1232 1244; baseline -0.001 -14"><span class='ocrx_word' id='word_1_102' title='bbox 211 1193 362 1231; x_wconf 90' lang='lat' dir='ltr'>Audire</span> <span class='ocrx_word' id='word_1_103' title='bbox 379 1200 497 1244; x_wconf 86' lang='lat' dir='ltr'>atque</span> <span class='ocrx_word' id='word_1_104' title='bbox 513 1200 645 1243; x_wconf 83' lang='lat' dir='ltr'>togam</span> <span class='ocrx_word' id='word_1_105' title='bbox 658 1193 778 1242; x_wconf 87' lang='lat' dir='ltr'>jubeo</span> <span class='ocrx_word' id='word_1_106' title='bbox 796 1204 1043 1242; x_wconf 86' lang='lat' dir='ltr'>componere,</span> <span class='ocrx_word' id='word_1_107' title='bbox 1060 1190 1232 1242; x_wconf 69' lang='lat' dir='ltr'>quisquis</span> 
     </span>
     <span class='ocr_line' id='line_1_16' title="bbox 210 1255 1123 1306; baseline -0.002 -10"><span class='ocrx_word' id='word_1_108' title='bbox 210 1258 436 1296; x_wconf 84' lang='lat' dir='ltr'>Ambitione</span> <span class='ocrx_word' id='word_1_109' title='bbox 453 1257 554 1297; x_wconf 85' lang='lat' dir='ltr'>mala</span> <span class='ocrx_word' id='word_1_110' title='bbox 579 1264 646 1294; x_wconf 83' lang='lat' dir='ltr'>aut</span> <span class='ocrx_word' id='word_1_111' title='bbox 668 1255 818 1306; x_wconf 86' lang='lat' dir='ltr'>argenti</span> <span class='ocrx_word' id='word_1_112' title='bbox 834 1256 951 1306; x_wconf 81' lang='lat' dir='ltr'>pallet</span> <span class='ocrx_word' id='word_1_113' title='bbox 969 1268 1123 1300; x_wconf 86' lang='lat' dir='ltr'>amore;</span> 
     </span>
     <span class='ocr_line' id='line_1_17' title="bbox 208 1319 1053 1373; baseline -0.005 -12"><span class='ocrx_word' id='word_1_114' title='bbox 208 1322 394 1373; x_wconf 78' lang='lat' dir='ltr'>Quisquis</span> <span class='ocrx_word' id='word_1_115' title='bbox 410 1321 577 1368; x_wconf 82' lang='lat' dir='ltr'>luxuria,</span> <span class='ocrx_word' id='word_1_116' title='bbox 604 1320 751 1359; x_wconf 79' lang='lat' dir='ltr'>tristive</span> <span class='ocrx_word' id='word_1_117' title='bbox 769 1319 1053 1370; x_wconf 81' lang='lat' dir='ltr'>superstitione,</span> 
     </span>
     <span class='ocr_line' id='line_1_18' title="bbox 210 1384 1214 1437; baseline -0.001 -11"><span class='ocrx_word' id='word_1_118' title='bbox 210 1388 296 1426; x_wconf 90' lang='lat' dir='ltr'>Aut</span> <span class='ocrx_word' id='word_1_119' title='bbox 309 1387 383 1425; x_wconf 90' lang='lat' dir='ltr'>alio</span> <span class='ocrx_word' id='word_1_120' title='bbox 399 1386 538 1425; x_wconf 87' lang='lat' dir='ltr'>mentis</span> <span class='ocrx_word' id='word_1_121' title='bbox 555 1386 704 1432; x_wconf 88' lang='lat' dir='ltr'>morbo,</span> <span class='ocrx_word' id='word_1_122' title='bbox 722 1385 846 1423; x_wconf 82' lang='lat' dir='ltr'>calet:</span> <span class='ocrx_word' id='word_1_123' title='bbox 870 1384 949 1423; x_wconf 86' lang='lat' dir='ltr'>huc</span> <span class='ocrx_word' id='word_1_124' title='bbox 964 1385 1120 1437; x_wconf 90' lang='lat' dir='ltr'>propius</span> <span class='ocrx_word' id='word_1_125' title='bbox 1136 1398 1214 1433; x_wconf 89' lang='lat' dir='ltr'>me,</span> 
     </span>
     <span class='ocr_line' id='line_1_19' title="bbox 209 1449 1201 1497; baseline 0.001 -8"><span class='ocrx_word' id='word_1_126' title='bbox 209 1451 317 1489; x_wconf 89' lang='lat' dir='ltr'>Dum</span> <span class='ocrx_word' id='word_1_127' title='bbox 337 1451 474 1497; x_wconf 58' lang='lat' dir='ltr'>docem</span> <span class='ocrx_word' id='word_1_128' title='bbox 491 1450 655 1488; x_wconf 87' lang='lat' dir='ltr'>insanire</span> <span class='ocrx_word' id='word_1_129' title='bbox 674 1463 821 1496; x_wconf 86' lang='lat' dir='ltr'>omneS,</span> <span class='ocrx_word' id='word_1_130' title='bbox 847 1463 915 1488; x_wconf 93' lang='lat' dir='ltr'>vos</span> <span class='ocrx_word' id='word_1_131' title='bbox 933 1449 1067 1488; x_wconf 87' lang='lat' dir='ltr'>ordine</span> <span class='ocrx_word' id='word_1_132' title='bbox 1085 1451 1201 1490; x_wconf 80' lang='lat' dir='ltr'>adite.</span> 
     </span>
     <span class='ocr_line' id='line_1_20' title="bbox 261 1514 1243 1566; baseline 0 -13"><span class='ocrx_word' id='word_1_133' title='bbox 261 1516 404 1553; x_wconf 82' lang='lat' dir='ltr'>Danda</span> <span class='ocrx_word' id='word_1_134' title='bbox 421 1522 479 1552; x_wconf 87' lang='lat' dir='ltr'>est</span> <span class='ocrx_word' id='word_1_135' title='bbox 497 1515 654 1553; x_wconf 88' lang='lat' dir='ltr'>ellebori</span> <span class='ocrx_word' id='word_1_136' title='bbox 671 1515 794 1553; x_wconf 90' lang='lat' dir='ltr'>multo</span> <span class='ocrx_word' id='word_1_137' title='bbox 811 1527 897 1566; x_wconf 84' lang='lat' dir='ltr'>pars</span> <span class='ocrx_word' id='word_1_138' title='bbox 914 1514 1081 1553; x_wconf 82' lang='lat' dir='ltr'>maxima</span> <span class='ocrx_word' id='word_1_139' title='bbox 1096 1515 1218 1555; x_wconf 74' lang='lat' dir='ltr'>avaris</span> <span class='ocrx_word' id='word_1_140' title='bbox 1231 1530 1243 1553; x_wconf 71' lang='grc' dir='ltr'>ε</span> 
     </span>
     <span class='ocr_line' id='line_1_21' title="bbox 209 1578 1241 1631; baseline -0.001 -12"><span class='ocrx_word' id='word_1_141' title='bbox 209 1579 355 1619; x_wconf 80' lang='lat' dir='ltr'>Nescio</span> <span class='ocrx_word' id='word_1_142' title='bbox 374 1593 422 1618; x_wconf 87' lang='lat' dir='ltr'>an</span> <span class='ocrx_word' id='word_1_143' title='bbox 442 1579 672 1631; x_wconf 83' lang='lat' dir='ltr'>Anticyram</span> <span class='ocrx_word' id='word_1_144' title='bbox 690 1579 787 1619; x_wconf 82' lang='lat' dir='ltr'>ratio</span> <span class='ocrx_word' id='word_1_145' title='bbox 801 1579 873 1618; x_wconf 84' lang='lat' dir='ltr'>illis</span> <span class='ocrx_word' id='word_1_146' title='bbox 889 1578 1058 1618; x_wconf 87' lang='lat' dir='ltr'>destinet</span> <span class='ocrx_word' id='word_1_147' title='bbox 1075 1592 1241 1618; x_wconf 67' lang='lat' dir='ltr'>omnem</span> 
     </span>
     <span class='ocr_line' id='line_1_22' title="bbox 206 1643 1172 1696; baseline -0.001 -13"><span class='ocrx_word' id='word_1_148' title='bbox 206 1644 391 1688; x_wconf 85' lang='lat' dir='ltr'>Heredes</span> <span class='ocrx_word' id='word_1_149' title='bbox 410 1643 560 1696; x_wconf 80' lang='lat' dir='ltr'>Staberi</span> <span class='ocrx_word' id='word_1_150' title='bbox 579 1657 763 1683; x_wconf 81' lang='lat' dir='ltr'>summam</span> <span class='ocrx_word' id='word_1_151' title='bbox 781 1644 953 1683; x_wconf 73' lang='lat' dir='ltr'>incidere</span> <span class='ocrx_word' id='word_1_152' title='bbox 970 1644 1146 1695; x_wconf 73' lang='lat' dir='ltr'>sepulcro</span> <span class='ocrx_word' id='word_1_153' title='bbox 1161 1660 1172 1690; x_wconf 85' lang='lat'>3</span> 
     </span>
     <span class='ocr_line' id='line_1_23' title="bbox 211 1708 1113 1760; baseline 0.001 -14"><span class='ocrx_word' id='word_1_154' title='bbox 211 1709 266 1747; x_wconf 91' lang='lat' dir='ltr'>Ni</span> <span class='ocrx_word' id='word_1_155' title='bbox 283 1708 339 1747; x_wconf 87' lang='lat' dir='ltr'>sic</span> <span class='ocrx_word' id='word_1_156' title='bbox 355 1708 549 1754; x_wconf 84' lang='lat' dir='ltr'>fecissent,</span> <span class='ocrx_word' id='word_1_157' title='bbox 575 1709 829 1760; x_wconf 85' lang='lat' dir='ltr'>gladiatorum</span> <span class='ocrx_word' id='word_1_158' title='bbox 845 1709 939 1747; x_wconf 86' lang='lat' dir='ltr'>dare</span> <span class='ocrx_word' id='word_1_159' title='bbox 957 1715 1113 1747; x_wconf 86' lang='lat' dir='ltr'>centum</span> 
     </span>
     <span class='ocr_line' id='line_1_24' title="bbox 211 1772 1267 1824; baseline -0.001 -12"><span class='ocrx_word' id='word_1_160' title='bbox 211 1774 395 1812; x_wconf 83' lang='lat' dir='ltr'>Damnati</span> <span class='ocrx_word' id='word_1_161' title='bbox 408 1773 550 1824; x_wconf 86' lang='lat' dir='ltr'>populo</span> <span class='ocrx_word' id='word_1_162' title='bbox 564 1774 684 1824; x_wconf 84' lang='lat' dir='ltr'>paria,</span> <span class='ocrx_word' id='word_1_163' title='bbox 695 1782 811 1824; x_wconf 84' lang='lat' dir='ltr'>atque</span> <span class='ocrx_word' id='word_1_164' title='bbox 825 1774 980 1824; x_wconf 86' lang='lat' dir='ltr'>epulum</span> <span class='ocrx_word' id='word_1_165' title='bbox 992 1772 1147 1811; x_wconf 83' lang='lat' dir='ltr'>arbitrio</span> <span class='ocrx_word' id='word_1_166' title='bbox 1162 1774 1267 1820; x_wconf 79' lang='lat' dir='ltr'>Arri,</span> 
     </span>
     <span class='ocr_line' id='line_1_25' title="bbox 211 1829 1267 1889; baseline 0.001 -13"><span class='ocrx_word' id='word_1_167' title='bbox 211 1838 410 1876; x_wconf 88' lang='lat' dir='ltr'>Frumenti</span> <span class='ocrx_word' id='word_1_168' title='bbox 427 1829 612 1888; x_wconf 87' lang='lat' dir='ltr'>quantum</span> <span class='ocrx_word' id='word_1_169' title='bbox 630 1837 740 1876; x_wconf 88' lang='lat' dir='ltr'>metit</span> <span class='ocrx_word' id='word_1_170' title='bbox 764 1837 912 1876; x_wconf 84' lang='lat' dir='ltr'>Africa.</span> <span class='ocrx_word' id='word_1_171' title='bbox 941 1836 1028 1876; x_wconf 83' lang='lat' dir='ltr'>Sive</span> <span class='ocrx_word' id='word_1_172' title='bbox 1045 1850 1120 1888; x_wconf 85' lang='lat' dir='ltr'>ego</span> <span class='ocrx_word' id='word_1_173' title='bbox 1138 1851 1267 1889; x_wconf 90' lang='lat' dir='ltr'>prave,</span> 
     </span>
     <span class='ocr_line' id='line_1_26' title="bbox 215 1901 1243 1952; baseline 0.001 -12"><span class='ocrx_word' id='word_1_174' title='bbox 215 1901 294 1940; x_wconf 87' lang='lat' dir='ltr'>Seu</span> <span class='ocrx_word' id='word_1_175' title='bbox 311 1909 431 1947; x_wconf 81' lang='lat' dir='ltr'>recte,</span> <span class='ocrx_word' id='word_1_176' title='bbox 449 1901 524 1939; x_wconf 89' lang='lat' dir='ltr'>hoc</span> <span class='ocrx_word' id='word_1_177' title='bbox 543 1902 660 1948; x_wconf 89' lang='lat' dir='ltr'>volui,</span> <span class='ocrx_word' id='word_1_178' title='bbox 678 1915 727 1940; x_wconf 91' lang='lat' dir='ltr'>ne</span> <span class='ocrx_word' id='word_1_179' title='bbox 745 1902 795 1940; x_wconf 90' lang='lat' dir='ltr'>sis</span> <span class='ocrx_word' id='word_1_180' title='bbox 808 1910 964 1952; x_wconf 81' lang='lat' dir='ltr'>patruus</span> <span class='ocrx_word' id='word_1_181' title='bbox 982 1901 1086 1939; x_wconf 88' lang='lat' dir='ltr'>mihi.</span> <span class='ocrx_word' id='word_1_182' title='bbox 1115 1903 1243 1941; x_wconf 84' lang='lat' dir='ltr'>Credo</span> 
     </span>
     <span class='ocr_line' id='line_1_27' title="bbox 213 1965 1268 2016; baseline 0.001 -11"><span class='ocrx_word' id='word_1_183' title='bbox 213 1966 306 2005; x_wconf 92' lang='lat' dir='ltr'>Hoc</span> <span class='ocrx_word' id='word_1_184' title='bbox 320 1965 469 2004; x_wconf 85' lang='lat' dir='ltr'>Staberi</span> <span class='ocrx_word' id='word_1_185' title='bbox 481 1966 711 2016; x_wconf 88' lang='lat' dir='ltr'>prudentem</span> <span class='ocrx_word' id='word_1_186' title='bbox 723 1966 889 2004; x_wconf 85' lang='lat' dir='ltr'>animum</span> <span class='ocrx_word' id='word_1_187' title='bbox 901 1965 1195 2009; x_wconf 84' lang='lat' dir='ltr'>vidisse—Quid</span> <span class='ocrx_word' id='word_1_188' title='bbox 1208 1980 1268 2006; x_wconf 88' lang='lat' dir='ltr'>er-</span> 
     </span>
     <span class='ocr_line' id='line_1_28' title="bbox 420 2043 472 2081; baseline 0 -14"><span class='ocrx_word' id='word_1_189' title='bbox 420 2043 472 2081; x_wconf 89' lang='lat' dir='ltr'>go</span> 
     </span>
     <span class='ocr_line' id='line_1_29' title="bbox 214 2094 1216 2146; baseline 0 -12"><span class='ocrx_word' id='word_1_190' title='bbox 214 2095 356 2141; x_wconf 85' lang='lat' dir='ltr'>Sensit,</span> <span class='ocrx_word' id='word_1_191' title='bbox 371 2107 458 2133; x_wconf 90' lang='lat' dir='ltr'>cum</span> <span class='ocrx_word' id='word_1_192' title='bbox 473 2107 658 2132; x_wconf 84' lang='lat' dir='ltr'>summam</span> <span class='ocrx_word' id='word_1_193' title='bbox 671 2094 876 2145; x_wconf 74' lang='lat' dir='ltr'>patrimoni</span> <span class='ocrx_word' id='word_1_194' title='bbox 892 2094 1107 2146; x_wconf 87' lang='lat' dir='ltr'>insculpere</span> <span class='ocrx_word' id='word_1_195' title='bbox 1121 2107 1216 2134; x_wconf 85' lang='lat' dir='ltr'>saxo</span> 
     </span>
     <span class='ocr_line' id='line_1_30' title="bbox 214 2158 1199 2211; baseline 0 -14"><span class='ocrx_word' id='word_1_196' title='bbox 214 2159 392 2199; x_wconf 91' lang='lat' dir='ltr'>Heredes</span> <span class='ocrx_word' id='word_1_197' title='bbox 409 2158 528 2198; x_wconf 86' lang='lat' dir='ltr'>voluit</span> <span class='ocrx_word' id='word_1_198' title='bbox 543 2160 556 2198; x_wconf 71' lang='grc' dir='ltr'><strong><em>ἓ</em></strong></span> <span class='ocrx_word' id='word_1_199' title='bbox 587 2159 726 2202; x_wconf 82' lang='lat' dir='ltr'>Quoad</span> <span class='ocrx_word' id='word_1_200' title='bbox 743 2158 854 2206; x_wconf 87' lang='lat' dir='ltr'>vixit,</span> <span class='ocrx_word' id='word_1_201' title='bbox 880 2158 1046 2198; x_wconf 88' lang='lat' dir='ltr'>credidit</span> <span class='ocrx_word' id='word_1_202' title='bbox 1063 2159 1199 2211; x_wconf 82' lang='lat' dir='ltr'>ingens</span> 
     </span>
    </p>
   </div>
  </div>
 </body>
</html>
