1378 2534
230 214 305 251 208
622 211 887 253 NOTULAE

474 303 520 328 m
548 302 632 328 Lm.
661 303 690 329 1.
719 303 1035 332 erlsroLARUM.

232 391 258 409 ‘⁴
278 386 371 423 Eam
388 400 457 437 pro
474 387 616 438 ingenii
633 387 788 425 modulo
802 389 904 426 varie
919 389 1148 440 supplebant
1161 388 1274 430 libra·

231 455 259 478 ⁴‘
278 450 335 487 rii.
385 451 482 488 Cod.
499 451 699 489 Leidensis
717 465 805 490 cum
819 452 940 490 altero
959 464 1038 490 AS'r
1058 454 1120 493 ubi
1136 468 1243 508 saepe
1257 471 1276 500 ,-

228 521 255 539 “
277 515 482 553 Vossianus
503 527 613 553 ERGO
631 516 694 553 ubi
710 529 829 567 saepe.
869 516 966 555 eod.
986 517 1092 557 Trin.
1109 530 1193 557 nuc
1213 519 1276 558 ubi

231 585 258 603 “
276 594 383 632 saepe
399 595 413 618 .·
444 580 675 630 Reginensis
707 593 795 618 cum
813 579 986 630 pluribus
1003 580 1085 620 aliis
1113 594 1187 620 mo
1213 583 1279 622 ubi

229 649 255 669 “
273 658 392 696 saepe.
447 645 529 682 Aut
544 644 787 682 retinendum
800 643 860 682 hic
873 641 1084 698 aut'ergoss’
1114 646 1274 685 BOENTL.

229 708 327 746 Cod.
347 709 455 746 Gott.
485 699 649 746 Gesneri
670 720 786 746 mne.

278 771 369 810 vll.
393 776 455 811 96.
503 772 617 822 Vulg.
633 771 762 810 simul.-
778 779 818 810 at
829 780 906 811 vet.
919 773 1079 824 Cruquii
1094 774 1220 813 codex
1233 782 1274 814 et

227 836 325 874 alter
346 837 570 875 Bel-smanni
589 836 709 882 semel,
738 849 836 888 quae
854 850 944 875 vera
961 837 1078 876 lectio
1101 845 1172 876 est.

277 900 386 937 VIII.
414 904 452 940 6.
508 900 618 938 Arvis
645 900 734 937 edd.
753 901 900 951 primae
918 907 959 939 et
977 901 1078 940 Cun.
1095 909 1136 940 at
1167 903 1272 941 codi-

225 977 290 1003 ces
308 964 614 1016 pleriqueagris,
643 964 747 1015 quod
765 964 913 1002 melius.
966 969 993 989 “
1013 966 1126 1004 Arois
1146 966 1277 1004 minus·

226 1034 253 1052 “
272 1029 415 1079 placet,
444 1028 533 1079 quia
551 1042 641 1066 arva
671 1028 825 1079 proprie
854 1035 958 1076 sunt,
986 1042 1085 1081 quae
1115 1036 1274 1068 arantur

227 1097 253 1116 “
272 1093 414 1144 segetis
441 1093 618 1130 caussa.”
673 1092 804 1131 Gtsu.

280 1160 339 1195 12.
407 1157 521 1199 Quod
554 1157 593 1193 in
634 1163 798 1207 quatuor
827 1156 1054 1204 mundium,
1102 1158 1271 1199 omnium

224 1220 573 1273 praestantissimis,
593 1221 801 1272 Cruquius,

223 1298 366 1336 Romae
389 1292 505 1335 Tibur
522 1311 651 1345 amem,
670 1309 896 1337 vmrmws
928 1298 1067 1338 Tibure
1082 1299 1237 1338 Romam
1249 1315 1267 1345 ‚-

222 1388 324 1426 idem
343 1388 540 1426 Bentleius
556 1401 711 1440 quoque
740 1389 778 1426 in
796 1389 873 1426 suis
902 1388 1176 1428 vetustioribus
1207 1402 1266 1428 re-

221 1453 334 1503 perit.
388 1453 526 1503 Neque
544 1452 656 1490 aliter
674 1453 819 1490 habent
836 1460 1060 1504 perveteres
1078 1454 1265 1493 membra-

221 1529 295 1555 nae
314 1517 472 1555 Barthio
499 1517 708 1567 inspectae.
762 1516 843 1555 Alii
873 1523 1055 1564 ventosus,
1091 1518 1198 1571 quod
1227 1526 1268 1557 et

223 1579 377 1618 Servius
394 1580 504 1632 legit,
531 1580 635 1619 Aen.
653 1579 723 1618 IV.
741 1581 830 1620 224.
859 1580 948 1619 vid.
967 1580 1096 1621 Bentl.

274 1644 324 1681 X.
352 1647 389 1683 5.
443 1644 534 1690 Duo
552 1638 604 1682 ex
623 1644 785 1696 Cruquii
809 1644 922 1684 codd.
953 1645 1097 1686 habent
1120 1647 1271 1699 pariter

223 1707 353 1747 vetulis
372 1708 538 1761 notisque
555 1708 738 1748 columbis.
790 1709 872 1748 Alii
890 1722 1023 1749 omnes
1046 1710 1159 1748 vetuli
1175 1711 1269 1751 noti·

223 1786 294 1823 que
304 1771 458 1810 columbi
469 1789 485 1817 ;
506 1785 605 1824 quae
619 1774 753 1824 procul
767 1773 886 1815 dubio
903 1781 1014 1814 vetus
1027 1786 1074 1815 ac
1087 1787 1178 1813 vera
1190 1775 1268 1815 lec-

223 1836 277 1874 tio
296 1843 369 1882 est,
396 1836 444 1874 ab
464 1836 735 1888 interpretibus
758 1837 885 1877 minus
914 1837 1124 1878 intellecta.
1181 1838 1267 1878 Ple-

222 1899 331 1950 rique
349 1899 405 1937 sic
423 1899 666 1951 distinguunt
682 1915 692 1939 ε

296 1975 505 2013 Amzuimus
515 1977 667 2028 pariter
691 1977 804 2017 vetuli
820 1978 968 2030 notique
983 1977 1150 2019 columbi.

223 2053 288 2099 Et,
319 2053 350 2091 si
369 2053 540 2092 Baxtero
575 2055 779 2103 credimus,
820 2056 939 2095 scitus
968 2062 1028 2094 est
1059 2056 1266 2096 iconisma:

222 2117 503 2165 columborum,
530 2132 692 2169 quorum
721 2119 804 2158 fere
821 2127 1033 2171 perpetuus
1063 2120 1136 2159 iste
1169 2123 1265 2171 [nu-
