1378 2534
179 257 231 296 26
457 254 782 295 SERMONUM
833 255 868 294 1.
919 255 970 295 vi.
1125 268 1162 297 v.
1173 259 1238 301 27.

180 366 297 412 Nam,
310 373 354 404 ut
373 365 535 418 quisque
548 366 704 404 insanus
716 366 837 417 nigris
850 366 1022 407 medium
1040 367 1219 420 impediit

179 431 365 477 Pellibus,
381 443 427 470 ac
445 431 565 469 latum
579 430 734 468 demisit
744 437 905 482 pectore
920 431 1088 480 clavum,
1121 435 1235 483 [crus

177 495 303 535 Audit
316 496 516 542 continuo,
529 495 627 539 Quis
638 495 755 535 homo
766 495 852 535 hic?
869 503 924 544 et,
936 498 1027 540 Quo
1038 504 1151 549 patre
1165 510 1233 537 na-

178 561 235 600 Ut
247 562 278 599 si
293 561 359 613 qui
373 569 552 613 aegrotet
565 575 642 613 quo
656 562 792 600 morbo
804 561 960 610 Barrus,
974 562 1111 602 haberi
1128 562 1232 614 [tusl

177 626 234 666 Ut
253 627 386 678 cupiat
403 627 619 671 formosus;
646 634 711 666 eat
729 640 977 679 quacunque,
1004 628 1145 680 puellis

175 691 333 742 Injiciat
351 706 484 731 curam
505 693 717 745 quaerendi
735 693 902 744 singula,
929 694 1034 746 quali

177 757 236 795 Sit
254 757 369 805 facie,
395 771 486 796 sura
504 758 622 810 quali,
640 758 756 810 pede,
776 759 909 806 dente,
937 759 1078 812 capillo
1091 751 1111 799 τ’

177 822 257 868 Sic,
278 822 342 873 qui
361 822 566 874 promittit,
586 822 703 869 cives,
723 823 860 861 urbem
877 822 951 861 sibi
968 836 1102 870 curae,
1145 851 1150 857 -

173 887 384 939 Imperium
402 887 500 933 fore,
527 894 568 925 et
587 887 752 934 Italiam,
771 895 812 926 et
829 887 993 926 delubra
1009 888 1196 934 deorum:

173 953 262 994 Quo
281 960 392 1004 patre
411 952 460 990 sit
472 959 695 998 natus,num
707 952 842 1003 ignota
853 959 978 992 matre
989 953 1232 1003 inhonestus,

172 1017 320 1056 Omnes
338 1016 521 1055 mortales
539 1028 677 1054 curare
695 1023 736 1054 et
755 1029 943 1068 quaerere
961 1018 1080 1070 cogit.

172 1082 300 1128 Tune,
321 1081 423 1133 Syri,
442 1081 608 1128 Damae,
627 1087 695 1119 aut
713 1081 882 1133 Dionysi
898 1082 1015 1131 filius,
1033 1083 1155 1124 audes

170 1147 354 1197 Dejicere
373 1160 395 1185 e
415 1159 510 1185 saxo
529 1146 647 1193 cives,
675 1153 742 1184 aut
761 1146 916 1186 tradere
931 1147 1111 1188 Cadmo?

171 1214 228 1250 At
251 1212 396 1250 Novius
416 1211 568 1262 collega
585 1211 710 1262 gradu
727 1218 816 1262 post
833 1224 896 1250 me
913 1211 1026 1250 sedet
1044 1225 1146 1258 uno;

170 1277 347 1328 Namque
366 1284 426 1315 est
444 1276 523 1322 ille,
542 1282 653 1327 pater
671 1275 777 1327 quod
795 1282 879 1314 erat
897 1289 1019 1316 meus.
1048 1277 1141 1317 Hoc
1157 1278 1230 1318 tibi

377 1341 549 1388 Paullus,

169 1407 221 1446 Et
241 1407 411 1445 Messala
428 1406 596 1444 videris?
629 1405 687 1444 At
697 1405 777 1453 hic,
792 1406 823 1444 si
837 1406 1010 1458 plaustra
1026 1406 1200 1448 ducenta

168 1473 492 1523 concurrantque
510 1471 596 1510 foro
613 1470 690 1509 tria
706 1470 858 1518 funera,
875 1485 1018 1523 magna
1035 1475 1202 1522 sonabit,

169 1538 327 1576 Cornua
346 1536 451 1588 quod
468 1536 677 1587 vincatque
696 1537 831 1575 tubas:
858 1537 996 1576 saltem
1013 1545 1125 1577 tenet
1150 1539 1232 1578 hoc

168 1602 286 1641 Nunc
304 1602 354 1640 ad
368 1615 431 1640 me
450 1602 583 1648 redeo,
598 1601 780 1640 libertino
794 1608 904 1653 patre
919 1609 1077 1641 natum:
1119 1604 1229 1654 [non.

168 1670 295 1711 Quem
315 1667 458 1706 rodunt
477 1680 610 1706 omnes
627 1667 810 1706 libertino
827 1674 939 1719 patre
958 1675 1092 1706 natum
1104 1684 1118 1714 ς

167 1733 300 1779 Nunc,
313 1732 416 1784 quia,
425 1731 728 1779 Maecenas,tibi
740 1746 826 1771 sum
837 1731 1058 1778 convictor;
1068 1740 1109 1772 at
1120 1733 1226 1782 olim,

167 1798 286 1842 Quod
304 1797 398 1835 mihi
417 1803 573 1848 pareret
590 1797 695 1848 legio
715 1797 891 1836 Romana
907 1797 1078 1838 tribuno.

167 1863 366 1902 Dissimile
380 1863 456 1900 hoc
475 1862 528 1899 illi
548 1870 628 1901 est:
641 1862 732 1914 quia
742 1876 835 1910 non,
854 1870 898 1901 ut
914 1862 1026 1902 forsit
1036 1863 1226 1902 honorem

165 1928 193 1967 J
196 1942 264 1967 ure
282 1927 377 1965 mihi
396 1927 567 1966 invideat
586 1928 724 1979 quivis,
742 1928 797 1967 ita
810 1935 850 1966 te
865 1941 1020 1980 quoque
1038 1928 1228 1974 amicum

167 1992 402 2031 Praesertim
422 2000 579 2030 cautum
598 1992 736 2044 dignos
753 2005 963 2040 assumere,
987 2006 1107 2044 prava

170 2058 398 2097 Ambitione
416 2058 566 2109 procul.
594 2058 764 2096 Felicem
782 2058 913 2097 dicere
931 2071 1010 2097 non
1028 2058 1106 2098 hoc

169 2123 240 2162 Me
260 2136 430 2175 possum,
459 2135 552 2161 casu
571 2123 675 2175 quod
693 2130 734 2161 te
753 2123 912 2162 sortitus
929 2123 1123 2169 amicum3

168 2188 288 2228 Nulla
306 2188 452 2228 etenim
468 2188 564 2228 mihi
582 2196 623 2229 te
641 2189 720 2230 fors
738 2190 902 2230 obtulit:
930 2189 1098 2242 optimus
1116 2188 1209 2229 olim
