1378 2534
508 283 776 324 NOTULAE
1089 284 1166 326 21³

367 373 414 400 m
441 372 526 401 un.
554 375 583 400 1.
611 371 927 401 :ms-romanon.

175 459 283 498 XIV.
306 461 345 499 5.
396 459 474 497 Pro
491 472 563 505 res,
591 458 643 496 D.
663 458 798 497 Heius.
817 459 918 509 conj.
935 470 1012 496 rus.

176 528 215 564 9.
266 522 343 562 Pro
361 530 474 570 amat,
494 523 621 560 Bentl.
641 524 743 573 conj.
760 528 855 560 avet.

176 587 264 625 XV.
292 590 351 626 16.
405 587 529 625 Codd.
556 586 619 624 alii
650 585 780 633 dulcis,
807 586 871 624 alii
887 586 1025 639 jugis.-
1052 585 1168 626 dulcis

124 652 409 704 antiquissimus
427 650 565 689 Bland.
583 650 756 701 Cruquii.

178 719 238 757 17.
291 715 368 754 Pro
385 715 543 768 quidvis,
571 715 708 753 Heius.
733 716 834 766 conj.
852 715 1015 767 quodvis.

174 783 238 818 32.
292 779 369 817 Pro
386 779 489 830 vulg.
507 779 679 826 donabat,
708 779 821 818 codd.
840 779 1076 830 antiquiores
1104 779 1168 818 do·

125 850 239 882 uarat
250 860 268 888 ;
297 844 400 882 unde
420 843 547 882 Bentl.
565 845 668 894 conj.
685 843 854 891 donaret,
882 851 926 881 ut
943 843 992 881 ad
1010 854 1168 895 praece·

122 907 219 946 dens
235 908 301 960 qm·
315 908 516 946 referatur.

177 973 240 1013 37.
301 971 401 1010 Edd.
430 973 579 1024 priscae
620 980 659 1010 et
696 971 809 1010 codd.
844 971 990 1022 aliquot
1023 985 1170 1023 correp-

126 1041 186 1073 tas
199 1051 217 1080 ,·
235 1036 364 1087 plures
378 1043 419 1074 et
433 1036 610 1074 meliores
623 1041 807 1074 correctas
819 1050 834 1072 .·
854 1034 989 1072 Lamb.
1001 1047 1115 1081 unuS,
1129 1041 1170 1072 et

127 1100 215 1138 coll.
235 1099 326 1137 Sax.
343 1105 541 1138 corrector.
568 1099 657 1137 vid.
676 1099 804 1137 Bentl.

178 1166 241 1201 38.
294 1163 371 1200 Pro
389 1163 580 1215 quidquid,
608 1163 719 1201 Torr.
737 1163 851 1201 codd.
870 1162 1016 1213 aliquot
1033 1162 1170 1213 siquid.

179 1226 288 1264 XVI.
313 1230 350 1265 3.
404 1227 457 1264 Et
466 1227 591 1278 pratis
609 1226 754 1264 habent
785 1226 874 1264 edd.
891 1233 986 1264 vett.
1013 1226 1112 1263 Ven.
1130 1232 1172 1264 et

128 1290 296 1329 Locber.
313 1298 353 1328 at
370 1304 419 1328 an
430 1291 556 1342 pratis
573 1291 708 1329 melius
722 1298 879 1329 tuentur
897 1290 982 1328 libri
1000 1290 1147 1340 scripti.

177 1357 216 1393 8.
268 1354 345 1393 Pro
363 1356 467 1406 vulg.
485 1355 652 1407 benigne,
678 1355 766 1392 libri
783 1355 960 1392 meliores
986 1353 1146 1405 benigni.

178 1421 217 1458 9.
269 1418 501 1470 Proserant,
528 1420 604 1458 duo
637 1419 750 1458 codd.
768 1419 871 1470 apud
889 1417 1173 1468 Bentl.feruut.

179 1485 242 1521 14.
294 1482 400 1520 Fluit
417 1490 525 1535 aptus
542 1489 578 1521 et
595 1490 674 1522 tres
692 1483 780 1522 edd.
798 1490 891 1520 vett.
909 1488 949 1520 et
972 1481 1059 1520 coll.
1080 1481 1172 1520 Sax.

182 1547 244 1584 15.
297 1545 372 1583 Pro
390 1547 515 1593 etiam,
546 1548 579 1585 si
603 1548 734 1594 credis,
766 1560 951 1592 amoenae,
981 1545 1109 1583 Bentl.
1136 1551 1173 1583 et

131 1611 232 1661 (jam
260 1609 294 1647 si
323 1609 466 1657 credis)
499 1625 685 1658 amoenae,
719 1612 744 1648 i.
763 1624 797 1648 e.
817 1615 844 1633 “
873 1609 913 1647 Si
929 1613 1015 1662 jam
1047 1609 1173 1647 credis

130 1679 158 1698 “
184 1674 316 1712 dulces
334 1687 417 1712 esse
436 1682 474 1711 et
493 1687 696 1719 amoenas;
722 1681 925 1724 postquam
943 1673 1107 1719 scilicet,
1125 1680 1171 1711 ut

130 1742 157 1760 “
182 1737 375 1789 pollicitus
393 1750 489 1784 sum,

131 1805 158 1825 ‘⁸
185 1802 384 1853 Descripta
398 1807 448 1839 est
461 1801 656 1853 tihfirma
671 1801 886 1854 loquaciter,
897 1806 932 1838 et
942 1800 1034 1837 silus
1045 1799 1173 1852 agri.'’

181 1881 245 1918 30.
299 1877 374 1915 Pro
392 1892 471 1916 cum
482 1879 640 1931 pateris,
669 1878 788 1915 MSS.
815 1877 892 1914 Bos
923 1885 963 1914 et
994 1876 1105 1914 Gott.
1133 1882 1174 1913 et

132 1941 220 1980 coll.
241 1942 331 1979 Sax.
349 1956 427 1979 cum
446 1943 571 1995 cupias
586 1959 602 1987 ;
631 1942 692 1980 ed.
710 1942 797 1980 Zar.
814 1955 894 1979 cum
912 1941 1045 1993 capies.

183 2008 246 2043 40.
299 2006 563 2044 Medicandum
577 2007 721 2044 habent
733 2005 947 2056 complures
966 2013 1048 2042 tum
1060 2005 1173 2041 Lam-

132 2069 212 2106 bini
227 2077 308 2107 tum
323 2070 353 2107 C
358 2070 483 2121 ruquii
499 2070 654 2109 codices
670 2069 818 2121 scripti,
837 2083 907 2120 pro
921 2067 1173 2121 qua'lectione

132 2139 287 2170 strenue
300 2140 434 2171 contra
446 2133 691 2172 Torrentium
703 2141 923 2185 propugnat
934 2133 1173 2171 acutissimus

134 2195 344 2235 Bentleius.
420 2196 559 2249 Neque
586 2198 785 2250 quisquam
811 2197 950 2236 infitias
977 2196 1060 2243 ibit,
1104 2196 1173 2234 ho-
