1378 2534
534 304 800 348 NOTULAE
1122 306 1192 346 197

413 394 460 422 m
487 394 572 424 mn.
599 395 649 423 11.
675 394 925 423 suumomni·

200 477 250 519 V.
288 483 326 519 3.
377 479 455 519 Pro
484 481 623 528 doloso,
649 481 754 532 quod
783 481 975 519 editiones
1004 489 1045 519 et
1073 492 1192 519 mem·

148 543 294 584 branae
310 545 392 584 fere
409 557 543 583 omnes
561 544 797 596 praefemnt,
828 556 918 583 cum
946 545 1124 583 Bentleio
1142 558 1191 583 ex

151 609 288 648 codice
315 608 494 647 Petrensi
520 609 696 646 dedimus
723 606 859 654 dolose,
885 608 963 655 cui,
989 617 1032 646 ut
1059 609 1114 647 ait
1140 609 1195 647 D.

151 672 353 720 Heinsius,
391 672 623 724 lepidissime
650 672 860 724 respondet
888 672 924 710 0
951 671 1064 711 Nulli
1089 673 1196 725 quid-

150 751 261 789 quam
278 737 439 775 mentite.

203 803 266 843 79.
326 800 432 839 Vertit
447 801 543 839 em'm
561 814 732 853 maguum
749 800 897 839 habent
913 814 1046 841 omnes
1062 803 1197 854 scripti

151 865 338 916 editique.
390 864 596 916 Ingeniosa
608 872 650 904 et
666 865 821 915 elegans
841 865 934 904 Sim.
948 865 1055 904 Bosii
1066 879 1198 905 emen-

152 928 257 967 datio
270 943 283 967 ε

177 992 319 1030 me-
336 1004 446 1031 zum
465 1005 617 1031 MAGNO
632 1007 644 1031 :
669 993 835 1031 donandi
843 997 1150 1046 parcajuvenm
1163 1012 1179 1039 ‚-

178 1056 261 1095 Na·
276 1062 419 1095 tantm
447 1057 609 1104 Veneris,
626 1064 803 1110 quantum
819 1057 983 1096 studiosa
1000 1058 1158 1097 culinae.

162 1119 283 1166 Venit,
309 1121 336 1157 i.
351 1133 387 1158 e.
404 1121 550 1159 venalis
567 1129 638 1159 est.

205 1187 268 1224 90.
323 1184 492 1236 (ffl’endet
509 1199 641 1224 omnes
659 1185 747 1223 libri
765 1186 912 1237 scripti,
938 1194 1091 1238 praeter
1107 1187 1200 1226 Lei-

154 1249 325 1295 densem,
352 1249 419 1300 qui
435 1249 587 1301 offendit
604 1249 914 1288 haben—Bentl.
938 1252 1120 1290 emendat
1145 1255 1202 1304 ‹gs-'-

136 1313 282 1364 semies
291 1329 310 1358 ,-
330 1320 371 1351 et
389 1313 444 1350 ita
459 1326 560 1351 com.
578 1312 752 1364 Cruquii.
806 1313 961 1352 Utravis
973 1314 1094 1353 lectio
1108 1317 1202 1355 satis

154 1376 312 1428 elegans
328 1376 622 1415 videtum—Pro
636 1375 736 1414 ultro
751 1377 845 1416 lect.
862 1378 1030 1429 vulgatii,
1047 1379 1202 1430 plurimi

154 1453 208 1478 ex
225 1440 341 1479 codd.
359 1439 472 1478 ultra.
524 1440 587 1479 Ita
599 1441 922 1491 interpunximus‚
940 1450 984 1480 ut
1002 1441 1100 1481 ultro
1112 1456 1203 1482 cum

154 1504 405 1555 sequentibus
417 1506 617 1556 jungatur,
648 1505 724 1543 hoc
741 1517 880 1543 sensu:
909 1505 1037 1544 Etiam
1050 1520 1128 1545 non
1147 1506 1202 1545 ul·

155 1573 218 1605 tro
231 1567 358 1615 sileas,
386 1568 412 1604 i.
428 1581 464 1606 e.
482 1581 574 1615 non,
606 1569 679 1606 nisi
695 1569 890 1607 silentium
907 1583 932 1608 a
947 1570 1066 1608 divite
1083 1571 1205 1622 impo-

157 1639 284 1669 natur.
338 1631 419 1668 Alii
440 1633 611 1683 jungunt
623 1631 803 1683 garrulus
821 1632 930 1670 ultro.
982 1633 1108 1672 Penes
1125 1635 1204 1673 lec-

159 1702 284 1734 torem
296 1695 487 1745 judicium
505 1703 603 1733 esto,

211 1762 274 1798 93.
326 1758 444 1809 Vulg.
460 1758 641 1797 increbuit
655 1775 671 1797 .·
697 1767 738 1797 at
754 1759 793 1797 in
807 1760 1072 1811 antiquissimo
1089 1761 1205 1800 Blan-

159 1822 265 1862 dinio
282 1830 323 1861 et
339 1822 491 1860 duobus
507 1821 591 1860 aliis
622 1821 815 1873 Cruquius
831 1822 977 1861 invenit
993 1824 1208 1864 increbruit·-

160 1887 200 1924 in
219 1885 373 1937 reliquis
390 1885 469 1923 suis
485 1885 683 1938 increpuit,
709 1893 892 1937 corrupte
917 1899 988 1938 pro
1013 1887 1205 1927 increbuit.

160 1949 207 1986 In
225 1949 444 2000 hujusmodi
460 1949 588 1988 verbis
605 1949 726 1988 variat
743 1950 943 2001 analogia·
969 1951 1158 2002 quaedam
1178 1963 1208 1988 n.

162 2013 345 2059 retinent,
363 2011 407 2051 ut
423 2013 589 2065 nigresco
603 2029 620 2058 ,·
648 2013 837 2064 quaedam
853 2013 1056 2064 abjiciunt,
1083 2022 1127 2053 ut
1145 2030 1207 2053 ru-

162 2075 275 2114 besco.
326 2075 375 2113 In
392 2076 556 2128 Virgilio
574 2078 690 2115 etiam
707 2076 796 2114 libri
812 2077 991 2116 meliores
1008 2068 1211 2117 increbres-

162 2152 245 2178 oere
260 2146 430 2178 tuentur.

220 2206 301 2241 100.
355 2203 432 2242 Pro
458 2210 616 2258 quartae
640 2206 704 2252 sit,
745 2205 875 2244 Bentl.
901 2219 952 2245 ex
983 2207 1219 2258 quibusdam

217 2265 328 2304 Tou.
346 2265 398 2304 11.
616 2267 650 2305 Β
676 2269 701 2306 b
728 2272 754 2308 4
