1378 2534
190 203 265 241 152
498 198 606 238 Ans
661 198 917 240 POETICA.
1098 172 1134 242 ἐν.
1156 205 1243 245 186.

185 315 270 352 Aut
287 313 455 350 humana
471 310 597 362 palam
617 318 758 361 coquat
778 318 870 349 exta
889 302 1058 350 nefarius
1073 312 1242 358 Atreus:

183 380 269 418 Aut
280 379 317 415 in
334 390 442 416 avem
460 376 614 426 Progne
626 382 813 422 vertatur,
826 377 996 415 Cadmus
1008 377 1046 414 in
1059 390 1241 428 anguem.

183 444 457 493 Quodcunque
477 439 648 479 ostendis
666 440 759 479 mihi
779 441 849 487 sic,
869 441 1090 481 incredulus
1109 442 1186 481 odi.

182 509 293 547 Neve
314 508 439 545 minor
466 519 543 544 neu
561 505 611 542 sit
631 505 767 555 quinto
785 505 1012 556 productior
1029 515 1120 546 actu

183 573 343 618 Fabula,
368 583 467 622 quae
485 570 594 621 posci
612 570 708 615 vult,
728 577 769 608 et
786 577 961 621 spectata
979 572 1141 623 reponi:

181 638 269 676 Nec
289 637 386 675 deus
404 635 569 681 intersit,
589 634 662 672 nisi
682 634 821 685 dignus
838 634 992 674 vindice
1011 636 1137 676 nodus

180 702 396 741 Inciderit:
423 714 497 739 nec
518 708 655 752 quarta
672 699 779 751 loqui
797 713 964 751 persona
980 700 1143 742 laboret.

181 767 340 806 Actoris
358 774 488 817 partes
508 766 664 811 chorus,
683 764 928 816 officiumque
946 765 1071 812 virile,

178 831 394 877 Defendat‚
413 843 491 868 neu
511 829 603 881 quid
623 829 770 867 medios
783 829 993 868 intercinat
1010 837 1136 878 actus,

180 897 298 941 Quod
317 910 392 934 non
412 894 611 946 proposito
631 894 826 933 conducat
845 902 885 933 et
903 896 1062 941 haereat
1079 903 1183 948 apte.

178 963 252 1001 Ille
270 962 383 1001 bonis
402 961 622 1011 faveatque,
637 966 676 997 et
692 958 918 999 consilietur
935 961 1083 1006 amice;

179 1028 233 1067 Et
252 1034 362 1078 regat
381 1026 512 1071 iratos,
532 1032 572 1062 et
591 1031 694 1062 amet
712 1037 852 1076 pacare
871 1032 1093 1066 tumentes:

177 1093 251 1131 Ille
271 1092 390 1142 dapes
408 1089 541 1128 laudet
559 1102 714 1127 mensae
733 1089 881 1127 brevis:
910 1089 974 1128 ille
991 1089 1186 1130 salubrem

178 1158 204 1196 J
208 1155 394 1201 ustitiam,
412 1154 612 1204 legesque,
631 1162 672 1191 et
690 1153 835 1204 apertis
853 1153 933 1192 otia
950 1154 1094 1205 portis:

177 1221 250 1259 Ille
269 1226 378 1271 tegat
397 1218 623 1261 commissa;
650 1217 822 1268 deosque
840 1224 1026 1269 precetur
1043 1225 1085 1258 et
1107 1225 1208 1266 oret.

178 1285 390 1335 Utredeat
407 1282 556 1321 miseris
575 1282 689 1320 abeat
711 1282 880 1321 Fortuna
897 1283 1087 1334 superbis.

177 1350 292 1389 Tibia
310 1363 402 1395 non,
422 1355 466 1386 ut
483 1361 602 1394 nunc,
622 1347 818 1386 orichalco
836 1347 981 1393 vincta,
1000 1349 1198 1400 tubaeque

176 1415 360 1460 Aemula,
379 1413 448 1451 sed
467 1413 595 1451 tenuis
608 1412 867 1463 simplexque,
883 1411 1074 1451 foramine
1091 1425 1235 1464 pauco,

175 1480 389 1530 Adspirate
409 1486 449 1516 et
468 1479 603 1516 adesse
622 1477 751 1515 choris
770 1483 854 1516 erat
873 1476 993 1523 utilis,
1011 1484 1130 1529 atque

175 1542 362 1582 Nondum
381 1542 502 1594 spissa
519 1542 632 1580 nimis
652 1541 848 1592 complere
867 1541 1004 1581 sedilia
1019 1541 1116 1581 flatu
1132 1558 1144 1587 ς

175 1611 265 1652 Quo
283 1620 375 1646 sane
393 1607 560 1659 populus
579 1606 840 1654 numerabilis,
861 1613 997 1658 utpote
1014 1618 1156 1659 parvus

173 1673 227 1711 Et
245 1673 349 1724 frugi
368 1680 573 1723 castusque
591 1672 928 1723 verecundusque,
946 1672 1090 1711 coibat.

174 1740 387 1791 Postquam
400 1738 530 1789 coepit
541 1750 654 1789 agros
665 1736 880 1776 extendere
891 1737 1032 1784 victor,
1043 1738 1235 1778 eturbem

172 1804 309 1842 Latior
327 1803 508 1854 amplecti
527 1814 673 1848 murus,
692 1801 861 1853 vinoque
873 1801 1012 1840 diurno

128 1870 139 1877 ⁵
171 1869 324 1907 Placari
343 1867 493 1906 Genius
511 1866 620 1905 festis
639 1867 794 1918 impune
813 1866 975 1909 diebus:
1008 1864 1015 1868 “

174 1932 356 1972 Accessit
374 1932 622 1983 numerisque
641 1931 844 1982 modisque
863 1930 1020 1969 licentia
1038 1932 1187 1982 maj0r:

171 1997 358 2035 Indoctus
373 1996 467 2048 quid
486 1997 589 2035 enim
609 2003 777 2047 saperet,
793 1995 968 2046 liberque
987 1994 1179 2044 laborum,

173 2062 357 2100 Rusticus
378 2062 524 2099 urbano
545 2059 743 2106 confusus,
761 2059 884 2111 turpis
904 2059 1095 2098 honesto?

174 2126 237 2164 Sic
255 2126 406 2178 priscae
424 2132 651 2177 motumque
669 2132 710 2167 et
722 2124 919 2165 luxuriem
938 2124 1087 2167 addidit
1104 2123 1183 2165 arti
