1378 2534
213 266 264 307 74
485 263 804 304 SERMONUM
857 264 912 304 11.
965 266 1029 305 vii.
1154 280 1190 306 v.
1211 271 1272 309 16.

217 375 405 414 Contudit
423 375 620 422 articulos,
649 376 715 427 qui
733 389 804 427 pro
823 389 864 414 se
883 376 1040 416 tolleret
1057 383 1175 430 atque

213 440 397 486 Mitteret
415 441 453 478 in
472 441 646 493 phimum
664 441 776 488 talos,
802 442 985 480 mercede
1002 441 1143 480 diurna

215 505 463 544 Conductum
483 507 612 558 pavit:
641 513 786 557 quanto
805 506 1043 546 constantior
1060 507 1165 546 idem

213 570 261 608 In
279 571 395 618 vitiis,
410 579 519 609 tanto
534 571 656 608 levius
674 570 804 616 miser,
822 584 868 609 ac
886 571 991 623 prior
1007 571 1088 619 ille,

212 636 290 678 Qui
304 638 384 687 jam
404 643 604 683 contento,
614 637 695 687 jam
714 635 819 683 laxo,
836 635 931 675 fune
947 636 1109 676 laborat.
1133 637 1266 688 [dant,

210 699 302 738 Non
321 701 428 739 dices
447 701 577 748 hodie,
606 713 788 751 quorsum
807 701 906 739 haee
929 708 1008 740 tam
1026 701 1164 753 putida
1178 702 1264 741 ten’-

210 764 412 803 Furcifer?
443 766 509 803 Ad
527 773 581 812 te,
611 765 780 816 inquam.
809 766 898 808 Quo
917 774 1046 817 pacto,
1066 766 1262 819 pessime?

347 881 359 888 ⁶
413 830 567 868 Laudas

205 896 414 934 Fortunam
434 908 480 933 ac
499 907 626 933 mores
645 895 826 947 antiquae
845 896 983 948 plebis,
1011 904 1052 935 et
1070 897 1190 944 idem,

206 961 246 999 Si
267 961 351 1012 quis
370 960 419 998 ad
432 960 495 997 illa
507 960 604 997 deus
617 960 745 998 subito
757 967 797 998 te
816 968 921 1012 agat,
940 973 1061 1012 usque
1079 973 1259 1000 recuses:

204 1027 302 1072 Aut,
322 1026 412 1077 quia
430 1038 507 1063 non
526 1024 659 1071 sentis,
679 1024 784 1075 quod
795 1024 954 1071 clamas,
974 1025 1120 1062 rectius
1138 1037 1248 1071 esse;

202 1090 300 1136 Aut,
317 1090 408 1141 quia
419 1103 496 1128 non
511 1089 643 1127 firmus
662 1096 814 1127 rectum
834 1088 1026 1135 defendis,
1046 1095 1087 1127 et
1104 1089 1256 1137 haeres,

201 1155 472 1207 Nequicquam
493 1167 617 1192 coeno
637 1153 799 1204 cupiens
818 1153 985 1192 evellere
1002 1153 1187 1205 plantam.

200 1221 349 1259 Rornae
369 1233 433 1257 rus
453 1226 585 1270 optas3
612 1219 811 1256 absentem
831 1218 998 1256 rusticus
1015 1219 1153 1256 urbem

199 1285 319 1323 Tollis
337 1285 387 1322 ad
404 1291 507 1322 astra
524 1283 630 1321 levis.
661 1283 701 1320 Si
719 1295 908 1334 nusquam
923 1295 965 1320 es
978 1282 1079 1321 forte
1092 1290 1254 1322 vocatus

196 1351 263 1388 Ad
276 1362 450 1395 coenam,
463 1348 595 1386 laudas
606 1361 785 1386 securum
797 1348 894 1392 olus;
905 1347 1078 1394 ac,velut
1089 1359 1252 1399 usquam
1286 1359 1288 1362 ’

194 1415 358 1453 Vinctus
377 1427 455 1460 eas,
475 1414 530 1451 ita
548 1420 588 1450 te
606 1412 761 1450 felicem
781 1412 891 1459 dicis,
910 1423 1107 1463 amesque,

192 1480 308 1523 Quod
327 1492 515 1530 nusquam
535 1477 605 1515 tibi
625 1477 674 1515 sit
692 1477 919 1529 potandum.
945 1477 1114 1515 Jusserit
1137 1477 1188 1516 ad
1206 1491 1248 1517 se

189 1544 401 1583 Maecenas
420 1557 548 1582 serum
567 1543 637 1580 sub
656 1542 802 1580 lumina
818 1542 943 1593 prirna
959 1541 1092 1580 venire

189 1609 427 1652 Convivam;
455 1607 624 1645 Nemon'
645 1606 773 1644 oleum
799 1606 877 1644 fert
895 1606 1030 1645 ocius?
1059 1607 1194 1658 ecquis

188 1674 343 1712 Audit?
373 1685 462 1710 cum
481 1685 623 1723 magno
641 1672 808 1709 blateras
827 1671 1010 1718 clamore,
1031 1670 1218 1722 furisque.

186 1738 347 1777 Milvius
364 1745 405 1779 et
423 1750 595 1783 scurrae,
621 1736 691 1774 tibi
710 1749 787 1774 non
806 1735 1011 1774 referenda
1026 1735 1190 1787 precati,

183 1802 417 1840 Discedunt.
460 1801 616 1838 Etenim
635 1801 761 1839 fateor
778 1812 856 1847 me,
881 1800 1023 1838 dixerit
1041 1799 1120 1847 ille,

182 1867 288 1906 Duci
303 1873 439 1904 ventre
457 1865 583 1903 levem
599 1879 608 1902 :
627 1879 763 1903 nasum
782 1865 918 1902 nidore
935 1864 1119 1916 supinor;

179 1931 419 1977 Imbecillus,
447 1931 571 1975 iners;
599 1931 630 1968 si
650 1930 743 1982 quid
760 1929 830 1975 vis,
858 1928 973 1976 adde,
991 1929 1162 1980 popino:

181 1997 255 2043 Tu,
277 2009 365 2034 cum
383 1995 434 2032 sis
454 1995 558 2046 quod
576 2008 665 2046 ego,
684 2001 725 2032 et
742 1993 913 2032 fortassis
931 1994 1109 2045 nequior,
1133 1993 1236 2034 ultro

174 2062 389 2107 Insectere,
408 2060 514 2098 velut
532 2060 682 2105 melior,
710 2058 914 2109 verbisque
934 2058 1087 2097 decoris

175 2125 368 2164 obvolvas
385 2124 547 2162 vitium?
578 2122 696 2169 Quid,
715 2122 747 2160 si
765 2134 827 2160 me
846 2122 1000 2160 stultior
1017 2123 1115 2174 ipso,

175 2190 407 2241 Quingentis
425 2195 529 2228 emto
548 2188 754 2235 drachmis,
774 2186 1052 2239 deprenderis?
1067 2186 1188 2226 ‘aufer
