1378 2534
102 270 139 296 v.
160 260 247 297 110.
406 255 726 297 SERMONUM
777 257 810 296 1.
862 258 914 298 vi.
1105 259 1156 297 29

106 366 198 406 Hoc
217 379 291 420 ego
305 369 556 415 commodius,
576 382 690 420 quam
705 376 762 416 tu,
773 369 972 420 praeclare
983 377 1153 416 senator,

106 430 281 470 Millibus
298 441 415 484 atque
432 433 528 479 aliis,
547 433 646 471 vivo.
675 435 918 485 Quacunque
943 434 1063 472 libido
1081 442 1155 481 est,

105 495 253 535 Incede
269 497 400 536 solus:
420 506 629 549 percontor
647 499 780 550 quanti
799 499 884 538 olus
901 511 948 537 ac
966 499 1024 536 far
1038 513 1050 536 z

105 559 298 600 Fallacem
317 563 475 601 Circum
494 564 833 614 vespertinumque
852 577 1012 614 pererro

105 623 230 676 Saepe
241 626 390 665 forum:
410 627 553 666 adsisto
572 628 735 666 divinis:
755 628 844 666 inde
864 629 1020 666 domuin
1039 641 1102 666 me

72 688 73 691 ’
104 689 171 728 Ad
188 692 294 741 porri
312 698 352 729 et
371 692 509 730 ciceris
527 692 654 730 refero
671 692 877 743 laganique
897 694 1083 732 catinum.

103 753 238 793 Coena
254 755 491 794 ministratur
508 757 638 808 pueris
656 757 801 801 tribus;
819 764 860 795 et
877 757 975 809 lapis
993 758 1103 796 albus

103 817 252 857 Pocula
269 833 358 858 cum
369 821 511 872 cyatho
529 821 608 860 duo
625 822 811 860 sustinet:
830 823 959 860 adstat
976 823 1152 871 echinus,

101 881 199 920 Vilis
211 895 300 922 cum
314 891 448 936 patera
458 892 607 936 guttus,
623 887 823 937 Campana
834 887 1022 938 supellex.
1044 890 1154 937 [cras

99 945 256 986 Deinde
275 961 322 988 eo
350 950 571 997 dormitum,
599 965 677 990 non
707 952 909 998 sollicitus,
930 953 1023 990 mihi
1046 953 1153 1004 quod

104 1010 350 1062 Surgendum
368 1014 418 1051 sit
435 1027 562 1060 mane,
582 1016 783 1053 obeundus
804 1016 975 1068 Marsya,
996 1018 1062 1068 qui
1080 1031 1123 1056 se

106 1073 268 1113 Vultum
287 1074 388 1117 ferre
406 1085 526 1128 negat
544 1079 756 1117 Noviorum
776 1093 889 1131 posse
907 1082 1077 1119 minoris.

104 1139 170 1176 Ad
178 1143 486 1192 quartamjace03
497 1150 585 1194 post
596 1143 696 1181 hanc
708 1156 840 1194 vagor,
853 1152 920 1182 aut
931 1146 1151 1198 ego(lecto‚

104 1203 190 1241 Aut
200 1205 466 1256 scripto,quod
478 1220 540 1245 me
552 1208 713 1245 tacitum
722 1208 854 1260 juvet)
866 1222 1018 1260 unguor
1036 1211 1151 1258 olivo,

102 1266 192 1306 Non
211 1281 289 1319 quo
306 1269 493 1308 fraudatis
511 1271 730 1309 immundus
750 1273 869 1310 Natta
885 1273 1068 1312 lucernis.

101 1331 192 1379 Ast,
221 1333 286 1370 ubi
303 1347 366 1372 me
383 1334 527 1372 fessum
546 1336 603 1374 sol
621 1336 748 1374 acrior
766 1337 821 1374 ire
839 1337 1008 1376 lavatum

101 1397 331 1445 Admonuit,
346 1399 457 1450 fugio
475 1413 652 1451 campum
672 1401 875 1453 lusumque
894 1403 1098 1454 trigonem.

99 1460 267 1500 Pransus
284 1477 362 1501 non
380 1464 505 1510 avide,
534 1473 720 1516 quantum
739 1466 961 1518 interpellet
978 1468 1083 1506 inani

99 1525 248 1566 Ventre
266 1528 369 1566 diem
388 1530 543 1576 durare,
563 1530 798 1570 domesticus
817 1533 929 1570 otior.
957 1533 1070 1573 Haec
1089 1542 1149 1573 est

98 1590 192 1629 Vita
209 1592 420 1631 solutorum
438 1595 577 1632 misera
594 1595 802 1633 ambitione
821 1598 1018 1649 gravique.

98 1653 175 1691 His
192 1667 254 1693 me
273 1657 465 1703 consolor,
492 1658 684 1696 victurum
703 1658 868 1706 suavius,
897 1674 942 1698 ac
961 1662 993 1698 si
1051 1664 1146 1712 [set.

98 1719 291 1761 Quaestor
301 1733 408 1767 avus,
420 1728 530 1772 pater
541 1730 656 1773 atque
668 1737 791 1770 meus,
805 1731 1042 1776 patruusque
1055 1726 1148 1764 fuis-

450 1927 656 1967 SATIRA
708 1929 799 1968 V11.

97 2037 354 2079 Pnoscmpn
376 2043 495 2094 Regis
515 2044 647 2096 Rupili
664 2059 736 2096 pus
755 2053 872 2098 atque
890 2062 1082 2088 venenum

98 2101 275 2152 Hybrida
294 2119 370 2156 quo
388 2115 503 2157 pacto
522 2108 571 2145 sit
591 2108 743 2147 Persius
762 2111 879 2158 ultus,
906 2114 1043 2163 opinor

99 2165 287 2206 Omnibus
306 2177 346 2207 et
365 2171 477 2222 lippis
496 2180 630 2210 notum
649 2181 689 2211 et
708 2176 925 2214 tonsoribus
944 2190 1041 2216 esse.
