1378 2534
82 271 121 298 v.
140 261 203 298 18.
325 255 724 297 EPISTOLARUM
775 258 809 297 1.
860 259 912 299 iii.
1078 259 1131 298 91.

81 367 164 415 Ne,
183 368 214 406 si
230 367 331 407 forte
347 380 434 406 suas
451 367 658 419 repetitum
675 368 827 406 venerit
844 367 935 406 olim

86 432 340 472 Grex-avium
356 433 520 484 plumas,
547 438 701 470 moveat
719 432 917 471 cornicula
933 431 1051 470 risum

85 496 251 535 Furtivis
268 497 414 535 nudata
430 496 634 535 coloribus.
662 495 751 547 Ipse
769 495 861 547 quid
879 495 1023 533 audes?

85 561 196 604 Quae
207 561 492 600 circumvolitas
505 560 614 611 agilis
625 560 780 611 thyma?
790 573 867 598 non
882 559 952 597 tibi
969 571 1128 610 parvum

82 624 303 676 Ingenium,
331 638 408 663 non
426 625 614 663 incultum
633 631 692 663 est
705 632 746 662 et
763 625 928 676 turpiter
945 623 1102 661 hirtum.

85 688 164 727 Seu
178 689 348 740 linguam
367 689 491 727 causis
509 689 629 735 acuis,
647 702 717 727 seu
736 689 858 727 civica
871 690 960 739 jura

82 752 336 806 Respondete
354 766 478 805 paras,
496 766 565 791 seu
583 753 717 791 condis
735 753 899 791 amabile
918 765 1088 799 carmen,

80 817 213 856 Prima
229 817 330 856 feres
342 818 510 856 hederae
526 818 696 856 victricis
713 817 895 869 praemia.
923 818 1040 860 Quod
1057 817 1091 855 si

80 881 238 934 Frigida
254 895 431 922 curarum
448 882 621 920 fomenta
637 882 856 934 relinquere
870 895 1015 934 posses,

79 946 170 989 Quo
187 953 227 985 te
246 947 423 985 coelestis
441 947 628 998 sapientia
645 947 820 993 duceret,
848 947 936 985 ires.

79 1009 171 1048 Hoc
179 1011 371 1062 opus‚hoc
380 1011 550 1049 studium
562 1012 670 1062 parvi
680 1024 932 1062 properemus
943 1018 983 1050 et
994 1011 1134 1063 ampli,'

78 1071 121 1111 Si
138 1074 285 1124 patriae
299 1074 488 1120 volumus,
515 1074 547 1111 si
560 1075 684 1120 nobis,
701 1075 830 1112 vivere
849 1075 940 1113 cari.

76 1137 212 1176 Debes
229 1137 306 1176 hoc
323 1138 440 1176 etiam
457 1138 681 1184 rescribere,
700 1138 732 1175 si
750 1138 820 1176 tibi
839 1152 969 1186 curae,

76 1202 255 1244 Quantae
273 1202 489 1248 conveniat,
518 1201 743 1247 Munatius;
769 1215 819 1240 an
837 1203 938 1240 male
956 1211 1059 1241 sarta

75 1265 214 1304 Gratia
230 1265 487 1317 nequicquam
505 1269 598 1311 coit,
618 1273 659 1304 et
676 1266 925 1311 rescinditur;
947 1280 994 1306 ac
1011 1280 1079 1307 vos

78 1329 156 1368 Seu
174 1329 319 1368 calidus
343 1330 509 1382 sanguis,
537 1343 606 1368 seu
624 1343 752 1368 rerum
770 1330 923 1370 inscitia
939 1339 1069 1379 vexat,

74 1393 269 1432 Indomita
286 1394 436 1432 cervice
454 1394 568 1432 feros.
597 1393 842 1446 Ubicumque
861 1395 1035 1435 locorum

74 1457 228 1505 vivitis,
253 1457 402 1508 indigni
419 1458 633 1496 fraternum
650 1472 830 1510 rumpere
848 1459 1000 1507 foedus,

75 1522 251 1562 Pascitur
267 1523 308 1560 in
323 1530 494 1561 vestrum
512 1523 679 1561 reditum
697 1524 826 1562 votiva
836 1526 1016 1575 juvenca.

452 1702 620 1741 EPIST.
672 1703 743 1743 IV.

328 1830 388 1856 AD
417 1830 586 1857 ALBIUM
616 1831 853 1859 TIBULLUM.

70 1908 199 1954 Anu,
226 1914 444 1946 nostrorum
462 1921 681 1946 sermonum
701 1910 865 1948 candide
873 1910 1012 1961 judex,

69 1971 175 2014 Quid
191 1984 294 2010 nunc
313 1979 352 2010 te
370 1972 496 2011 dicam
514 1973 644 2011 facere
661 1973 700 2011 in
720 1975 878 2026 regione
897 1975 1082 2015 Pedana?

68 2034 262 2082 Scribere,
279 2036 384 2086 quod
401 2037 510 2075 Cassi
524 2037 740 2076 Parmensis
757 2041 942 2090 opuscula
958 2040 1114 2080 vincat?

69 2097 136 2134 An
154 2098 315 2136 tacitum
332 2099 445 2137 silvas
463 2100 564 2138 inter
582 2108 732 2152 reptare
751 2103 935 2151 salubres,

65 2161 278 2200 Curmtem
289 2163 477 2215 quidquid
487 2165 647 2218 dignum
658 2166 832 2218 sapiente
843 2168 1023 2222 bonoque
1035 2168 1111 2207 est?
