1378 2534
110 262 232 301 mm·-
386 256 705 298 SERMONUM
757 255 790 294 1.
841 269 882 295 x.
1071 246 1074 250 ’
1110 256 1162 300 37

118 369 293 416 sanior,
317 375 363 407 ut
381 367 481 408 Chio
499 374 592 407 nota
608 367 641 405 si
658 366 859 406 commista
878 365 1029 404 Falerni
1047 373 1119 405 est.

117 434 218 473 Cum
227 445 360 472 versus
376 431 496 472 facias
510 445 520 470 :
533 432 699 483 teipsum
712 439 935 483 percontor,
947 444 996 470 an
1007 438 1061 479 et,
1073 444 1163 471 cum

115 498 228 537 Dura
244 497 315 536 tibi
331 497 554 550 peragenda
572 496 628 535 rei
645 496 696 534 sit
713 508 830 534 causa
848 494 992 542 Petilli,

117 561 290 609 Scilicet,
307 561 450 600 oblitus
467 561 693 613 patriaeque
709 560 921 612 patrisque,
947 559 1090 598 Latine

116 627 216 666 Cum
234 625 378 665 Pedius
394 639 529 666 causas
545 626 712 666 exsudet
730 624 931 663 Publicola
947 632 1066 677 atque

116 691 321 740 Corvinus,
346 691 480 743 patriis
498 690 764 729 intermiscere
781 689 906 741 petita

117 755 248 794 Verba
264 756 358 796 foris
376 756 498 802 malis,
528 754 714 794 Canusini
730 752 838 793 'more
855 754 1066 805 bilinguis?

42 841 51 850 =
115 821 256 872 Atqui,
267 834 342 873 ego
353 833 443 860 cum
449 820 625 859 Graecos
636 819 935 865 facerem,natus
940 832 1047 858 mare
1054 820 1165 868 citra,

116 885 352 932 Versiculos,
378 885 504 923 vetuit
521 896 584 922 me
602 883 670 921 tali
687 895 784 922 voce
803 883 1004 930 Quirinus,

114 949 209 991 Post
225 951 391 990 mediam
409 956 566 988 noctem
583 948 700 994 visuS,
727 961 817 986 cum
835 948 985 987 somnia
1001 961 1093 988 vera
1105 963 1118 987 ε

115 1013 164 1051 In
182 1015 314 1052 silvam
333 1027 411 1052 non
429 1014 536 1064 ligna
551 1013 652 1051 feras
670 1012 854 1059 insanius,
881 1025 928 1051 ac
946 1012 979 1051 si

117 1077 285 1128 Magnae
303 1077 544 1116 Graecorum
562 1076 672 1114 malis
691 1076 852 1127 implere
878 1084 1065 1116 catervas.

119 1140 315 1191 Turgidus
325 1141 490 1192 Alpinus
497 1140 650 1191 jugulat
662 1140 754 1180 dum
762 1140 989 1188 Memnona,
996 1141 1168 1194 dumque

118 1204 296 1256 Diffingit
316 1205 442 1243 Rheni
460 1205 609 1242 luteum
627 1212 767 1255 caput;
793 1204 891 1243 haec
910 1218 985 1255 ego
1002 1205 1110 1253 ludo,

117 1269 229 1311 Quae
247 1281 320 1307 nec
338 1268 379 1306 in
394 1268 492 1306 aede
511 1276 649 1307 sonent
668 1268 858 1306 certantia
870 1268 1006 1319 judice
1025 1269 1167 1320 Tarpa,

117 1332 206 1371 Nec
219 1333 379 1371 redeant
397 1333 539 1372 iterum
553 1340 670 1384 atque
683 1333 823 1370 iterum
835 1334 1047 1384 spectanda
1058 1335 1165 1372 thea-

118 1398 273 1448 Arguta
283 1398 502 1444 meretrice,
510 1405 636 1449 poteS,
643 1397 833 1448 Davoque
846 1398 1167 1450 Chremeta[tris.

118 1459 312 1499 Eludente
331 1474 478 1508 senem,
506 1475 636 1500 comes
649 1462 796 1513 garrire
814 1462 965 1501 libellos

118 1525 230 1564 Unus
247 1525 435 1572 vivorum,
466 1526 666 1564 Fundani:
696 1526 820 1566 Pollio
838 1540 975 1578 regum

118 1589 238 1627 Facta
256 1590 360 1627 canit
377 1590 477 1641 pede
495 1597 556 1627 ter
574 1603 758 1641 percusso
773 1605 783 1628 :
810 1591 911 1630 forte
931 1606 1025 1644 epos
1043 1607 1149 1642 acer,

119 1653 176 1691 Ut
193 1666 323 1699 nemo,
351 1654 491 1691 Varius
509 1655 639 1693 ducit:
667 1655 782 1694 molle
799 1663 917 1707 atque
934 1657 1107 1697 facetum

118 1716 283 1768 Virgilio
301 1719 522 1755 annuerunt
539 1718 754 1768 gaudentes
773 1732 863 1757 rure
882 1733 1079 1761 camenae.

120 1781 211 1820 Hoc
229 1790 327 1828 erat,
354 1789 518 1833 experto
537 1782 678 1820 frustra
697 1783 872 1822 Varrone
892 1786 1076 1833 Atacino,

120 1846 254 1897 Atque
266 1846 495 1898 quibusdam
506 1846 603 1893 aliis,
622 1847 759 1885 melius
777 1849 882 1900 quod
892 1850 1062 1889 scribere
1080 1865 1167 1903 pos-

323 1923 420 1956 sem,

120 1972 327 2012 Inventore
346 1975 491 2013 minor:
519 1988 646 2028 neque
659 1990 732 2028 ego
750 1977 804 2015 illi
823 1977 1028 2016 detrahere
1046 1980 1168 2018 ausim

48 2054 51 2057 ·
120 2037 361 2076 Haerentem
380 2039 496 2090 capiti
515 2052 605 2077 cum
624 2041 745 2079 multa
762 2041 875 2079 laude
894 2055 1089 2081 coronam.

122 2102 180 2139 At
196 2102 278 2139 dixi
296 2103 416 2141 fluere
435 2104 539 2141 hunc
558 2104 806 2151 lutulentum,
834 2119 949 2157 saepe
967 2106 1159 2145 serentem

123 2165 241 2205 Plura
252 2167 407 2218 quidem
420 2168 874 2221 tollendarelinquendis.
894 2171 998 2221 Age,
1011 2183 1167 2221 quaeso,
