1378 2534
183 230 259 269 108
390 223 795 265 EPISTOLARUM
846 225 879 263 1.
931 225 1010 265 xiv.
1118 238 1157 267 v.
1177 229 1236 267 18.

180 338 274 378 Non
292 336 429 376 eadem
447 336 653 374 miramur:
681 347 730 374 eo
748 335 990 374 disconvenit
1003 335 1105 375 inter
1138 338 1240 389 [qua

179 403 332 455 Meque
349 409 390 442 et
408 409 470 440 te:
489 414 578 439 nam
598 413 697 452 quae
716 401 870 439 deserta
887 407 928 439 et
945 401 1140 453 inhospita
1161 408 1238 440 tes-

182 468 334 514 Credis,
354 479 517 505 amoena
534 473 649 505 vocat
667 479 823 505 mecum
843 466 910 518 qui
929 466 1070 510 sentit;
1096 473 1138 504 et
1156 466 1239 505 odit

180 533 293 575 Quae
311 539 355 570 tu
373 532 538 584 pulchra
556 539 682 583 putas.
710 531 856 571 Fornix
873 531 944 569 tibi
968 537 1010 569 et
1035 538 1154 570 uncta
1171 543 1240 583 po-

388 596 480 648 pina

180 662 386 701 Incutiunt
405 661 511 699 urbis
530 661 780 708 desiderium,
798 661 938 706 video;
965 668 1005 699 et
1024 661 1130 712 quod

182 727 365 779 Angulus
384 726 456 764 iste
474 725 576 764 feret
594 726 704 778 piper
723 734 763 764 et
783 734 846 764 tus
864 726 973 765 ocius
992 738 1092 771 uva;

182 793 271 831 Nec
289 793 418 830 vicina
435 792 568 830 subest
586 791 717 829 vinum
735 793 924 846 praebere
943 793 1107 830 taberna

183 859 295 900 Quae
314 856 435 908 possit
453 856 547 900 tibi;
574 869 647 894 nec
666 856 854 894 meretrix
873 857 1048 903 tibicina,
1068 857 1179 906 cujus

184 922 253 960 Ad
264 922 469 973 strepitum
482 920 594 960 salias
606 929 734 960 terrae
746 921 892 972 gravis:
905 927 946 959 et
957 927 1089 959 tamen
1100 932 1249 971 urgues

182 987 425 1038 Jampridem
444 1000 522 1024 non
539 993 646 1024 tacta
663 985 857 1036 ligonibus
871 998 984 1029 arva3
1000 986 1220 1038 bovemque

183 1052 437 1102 Disjunctum
457 1063 584 1096 curas,
603 1057 644 1088 et
662 1050 806 1088 strictis
823 1050 1026 1089 frondibus
1044 1050 1193 1102 exples.

185 1117 313 1156 Addit
330 1129 427 1168 opus
445 1116 558 1167 pigro
578 1116 695 1162 rivus,
723 1116 754 1154 si
774 1116 922 1154 decidit
939 1116 1077 1163 imber,

185 1183 318 1222 Multa
334 1182 437 1220 mole
457 1181 657 1220 docendus
675 1181 808 1232 aprico
826 1194 988 1233 parcere
1006 1189 1132 1232 prato.

185 1247 306 1286 Nunc
321 1259 408 1298 age,
424 1246 519 1298 quid
532 1253 706 1284 nostrum
721 1253 958 1284 concentum
969 1246 1130 1293 dividat,
1142 1246 1245 1286 audi.

187 1314 317 1356 Quem
336 1321 474 1350 tenues
493 1312 663 1350 decuere
681 1317 798 1362 togae
816 1311 1008 1363 nitidique
1026 1312 1170 1363 capilli,
1265 1298 1271 1305 ’

186 1378 316 1420 Quem
334 1377 409 1414 scis
428 1376 638 1414 immunem
658 1375 823 1413 Cinarae
842 1375 1034 1426 placuisse
1053 1376 1198 1427 rapaci,

185 1443 316 1485 Quem
333 1441 508 1479 bibulum
527 1440 663 1491 liquidi
681 1440 809 1477 media
828 1440 877 1478 de
895 1440 983 1478 luce
1009 1439 1178 1487 Falerni,

187 1507 324 1546 Coena
339 1505 467 1543 brevis
480 1507 605 1556 juvat,
634 1513 675 1543 et
693 1518 814 1556 prope
844 1505 969 1543 rivum
993 1517 1151 1544 somnus
1180 1506 1220 1544 in

394 1571 537 1608 herba:

187 1636 277 1675 Nec
293 1635 429 1674 lusisse
448 1635 584 1686 pudet,
611 1634 681 1673 sed
699 1647 778 1672 non
797 1633 971 1672 incidere
989 1633 1138 1673 ludum.

188 1703 281 1740 Non
300 1702 387 1739 istic
405 1689 563 1751 obliquo
583 1700 698 1738 oculo
717 1712 804 1737 mea
823 1699 1027 1737 commoda
1044 1700 1247 1751 quisquam

186 1767 342 1809 Limat;
368 1779 446 1803 non
466 1765 554 1802 odio
574 1765 740 1803 obscuro
758 1776 967 1816 morsuque
991 1770 1181 1802 venenat:

188 1831 339 1869 Rident
357 1829 473 1867 vicini
492 1829 627 1880 glebas
646 1836 686 1867 et
704 1842 799 1867 saxa
816 1834 1051 1866 moventem.

189 1897 291 1934 Cum
306 1894 424 1932 servis
444 1894 592 1931 urbana
610 1894 732 1932 diaria
750 1893 888 1931 rodere
906 1892 1048 1936 mavis;

189 1960 344 1998 Horum
362 1965 406 1996 tu
426 1959 464 1996 in
484 1972 688 1996 numerum
707 1966 798 1997 voto
816 1957 917 1995 ruis:
945 1955 1092 1994 invidet
1110 1969 1232 2012 usum-

189 2023 406 2075 Lignorum
425 2031 465 2061 et
483 2024 636 2074 pecoris
660 2023 731 2061 tibi
750 2023 834 2062 calo
853 2029 1028 2073 argutuS‚
1048 2029 1088 2060 et
1106 2022 1222 2061 horti.

191 2088 315 2139 Optat
332 2087 515 2139 ephippia
533 2088 603 2125 bos
621 2088 754 2139 piger:
783 2093 893 2137 optat
911 2098 1021 2124 arare
1039 2086 1222 2125 caballus.

190 2153 318 2196 Quam
335 2152 410 2190 scit
428 2158 607 2203 uterque,
626 2152 766 2199 libens,
785 2151 969 2198 censebo,
987 2157 1172 2192 exerceat
1189 2162 1248 2191 ar*

396 2222 488 2255 tem.
