<?xml version="1.0" encoding="UTF-8"?>
<!DOCTYPE html PUBLIC "-//W3C//DTD XHTML 1.0 Transitional//EN"
    "http://www.w3.org/TR/xhtml1/DTD/xhtml1-transitional.dtd">
<html xmlns="http://www.w3.org/1999/xhtml" xml:lang="en" lang="en">
 <head>
  <title>
</title>
<meta http-equiv="Content-Type" content="text/html;charset=utf-8" />
  <meta name='ocr-system' content='tesseract 3.04.00' />
  <meta name='ocr-capabilities' content='ocr_page ocr_carea ocr_par ocr_line ocrx_word'/>
</head>
<body>
  <div class='ocr_page' id='page_1' title='image "./operahunt02horauoft_0045.png"; bbox 0 0 1378 2534; ppageno 0'>
   <div class='ocr_carea' id='block_1_1' title="bbox 89 268 1145 312">
    <p class='ocr_par' dir='ltr' id='par_1_1' title="bbox 89 268 1145 312">
     <span class='ocr_line' id='line_1_1' title="bbox 89 268 1145 312; baseline -0.004 0"><span class='ocrx_word' id='word_1_1' title='bbox 89 282 127 312; x_wconf 78' lang='lat' dir='ltr'>v.</span> <span class='ocrx_word' id='word_1_2' title='bbox 140 275 203 312; x_wconf 79' lang='lat'>53.</span> <span class='ocrx_word' id='word_1_3' title='bbox 398 268 719 310; x_wconf 78' lang='lat' dir='ltr'>SERMONUM</span> <span class='ocrx_word' id='word_1_4' title='bbox 769 269 803 307; x_wconf 91' lang='lat'>1.</span> <span class='ocrx_word' id='word_1_5' title='bbox 855 269 909 307; x_wconf 84' lang='lat' dir='ltr'>ix.</span> <span class='ocrx_word' id='word_1_6' title='bbox 1094 269 1145 308; x_wconf 76' lang='lat'>35</span> 
     </span>
    </p>
   </div>
   <div class='ocr_carea' id='block_1_2' title="bbox 87 377 1142 2042">
    <p class='ocr_par' dir='ltr' id='par_1_2' title="bbox 87 377 1140 1335">
     <span class='ocr_line' id='line_1_2' title="bbox 89 377 1068 431; baseline -0.006 -11"><span class='ocrx_word' id='word_1_7' title='bbox 89 382 157 420; x_wconf 88' lang='lat' dir='ltr'>Sic</span> <span class='ocrx_word' id='word_1_8' title='bbox 174 381 304 419; x_wconf 83' lang='lat' dir='ltr'>habet.</span> <span class='ocrx_word' id='word_1_9' title='bbox 332 380 542 427; x_wconf 82' lang='lat' dir='ltr'>Accendis,</span> <span class='ocrx_word' id='word_1_10' title='bbox 567 392 686 431; x_wconf 87' lang='lat' dir='ltr'>quare</span> <span class='ocrx_word' id='word_1_11' title='bbox 705 378 857 431; x_wconf 87' lang='lat' dir='ltr'>cupiam</span> <span class='ocrx_word' id='word_1_12' title='bbox 875 378 996 429; x_wconf 72' lang='lat' dir='ltr'>magis</span> <span class='ocrx_word' id='word_1_13' title='bbox 1014 377 1068 415; x_wconf 87' lang='lat' dir='ltr'>illi</span> 
     </span>
     <span class='ocr_line' id='line_1_3' title="bbox 89 442 1137 495; baseline -0.004 -12"><span class='ocrx_word' id='word_1_14' title='bbox 89 445 293 484; x_wconf 76' lang='lat' dir='ltr'>Proximus</span> <span class='ocrx_word' id='word_1_15' title='bbox 304 457 400 484; x_wconf 89' lang='lat' dir='ltr'>esse.</span> <span class='ocrx_word' id='word_1_16' title='bbox 419 444 522 482; x_wconf 87' lang='lat' dir='ltr'>Velis</span> <span class='ocrx_word' id='word_1_17' title='bbox 533 443 812 490; x_wconf 90' lang='lat' dir='ltr'>tantummodo,</span> <span class='ocrx_word' id='word_1_18' title='bbox 819 455 918 495; x_wconf 87' lang='lat' dir='ltr'>quae</span> <span class='ocrx_word' id='word_1_19' title='bbox 930 450 998 480; x_wconf 83' lang='lat' dir='ltr'>tua</span> <span class='ocrx_word' id='word_1_20' title='bbox 1003 442 1137 490; x_wconf 87' lang='lat' dir='ltr'>virtus,</span> 
     </span>
     <span class='ocr_line' id='line_1_4' title="bbox 90 508 1035 561; baseline -0.002 -15"><span class='ocrx_word' id='word_1_21' title='bbox 90 508 368 561; x_wconf 79' lang='lat' dir='ltr'>Expugnabis:</span> <span class='ocrx_word' id='word_1_22' title='bbox 395 516 437 547; x_wconf 89' lang='lat' dir='ltr'>et</span> <span class='ocrx_word' id='word_1_23' title='bbox 454 516 514 547; x_wconf 89' lang='lat' dir='ltr'>est</span> <span class='ocrx_word' id='word_1_24' title='bbox 531 509 597 561; x_wconf 92' lang='lat' dir='ltr'>qui</span> <span class='ocrx_word' id='word_1_25' title='bbox 614 508 716 546; x_wconf 87' lang='lat' dir='ltr'>vinci</span> <span class='ocrx_word' id='word_1_26' title='bbox 734 508 878 559; x_wconf 83' lang='lat' dir='ltr'>possit;</span> <span class='ocrx_word' id='word_1_27' title='bbox 909 520 1035 559; x_wconf 89' lang='lat' dir='ltr'>eoque</span> 
     </span>
     <span class='ocr_line' id='line_1_5' title="bbox 88 571 1137 624; baseline -0.002 -12"><span class='ocrx_word' id='word_1_28' title='bbox 88 573 277 612; x_wconf 86' lang='lat' dir='ltr'>Difficiles</span> <span class='ocrx_word' id='word_1_29' title='bbox 291 574 420 612; x_wconf 80' lang='lat' dir='ltr'>aditus</span> <span class='ocrx_word' id='word_1_30' title='bbox 436 573 579 624; x_wconf 86' lang='lat' dir='ltr'>primos</span> <span class='ocrx_word' id='word_1_31' title='bbox 596 572 727 610; x_wconf 86' lang='lat' dir='ltr'>habet.</span> <span class='ocrx_word' id='word_1_32' title='bbox 755 572 875 610; x_wconf 84' lang='lat' dir='ltr'>Haud</span> <span class='ocrx_word' id='word_1_33' title='bbox 887 572 980 609; x_wconf 87' lang='lat' dir='ltr'>mihi</span> <span class='ocrx_word' id='word_1_34' title='bbox 994 571 1112 610; x_wconf 90' lang='lat' dir='ltr'>deero</span> <span class='ocrx_word' id='word_1_35' title='bbox 1127 585 1137 609; x_wconf 86' lang='lat'>:</span> 
     </span>
     <span class='ocr_line' id='line_1_6' title="bbox 87 636 1055 688; baseline -0.004 -11"><span class='ocrx_word' id='word_1_36' title='bbox 87 638 320 677; x_wconf 77' lang='lat' dir='ltr'>Muneribus</span> <span class='ocrx_word' id='word_1_37' title='bbox 337 651 467 677; x_wconf 86' lang='lat' dir='ltr'>servos</span> <span class='ocrx_word' id='word_1_38' title='bbox 486 650 753 688; x_wconf 85' lang='lat' dir='ltr'>corrumpam;</span> <span class='ocrx_word' id='word_1_39' title='bbox 778 649 870 682; x_wconf 90' lang='lat' dir='ltr'>non,</span> <span class='ocrx_word' id='word_1_40' title='bbox 888 636 1004 674; x_wconf 89' lang='lat' dir='ltr'>hodie</span> <span class='ocrx_word' id='word_1_41' title='bbox 1020 636 1055 674; x_wconf 86' lang='lat' dir='ltr'>si</span> 
     </span>
     <span class='ocr_line' id='line_1_7' title="bbox 90 701 1075 753; baseline -0.003 -13"><span class='ocrx_word' id='word_1_42' title='bbox 90 701 284 741; x_wconf 85' lang='lat' dir='ltr'>Exclusus</span> <span class='ocrx_word' id='word_1_43' title='bbox 300 703 425 749; x_wconf 85' lang='lat' dir='ltr'>fuero,</span> <span class='ocrx_word' id='word_1_44' title='bbox 444 701 648 745; x_wconf 66' lang='lat' dir='ltr'>desistam</span> <span class='ocrx_word' id='word_1_45' title='bbox 673 708 850 753; x_wconf 87' lang='lat' dir='ltr'>tempora</span> <span class='ocrx_word' id='word_1_46' title='bbox 867 712 1049 751; x_wconf 83' lang='lat' dir='ltr'>quaeram</span> <span class='ocrx_word' id='word_1_47' title='bbox 1064 715 1075 744; x_wconf 75' lang='grc' dir='ltr'><strong>ς</strong></span> 
     </span>
     <span class='ocr_line' id='line_1_8' title="bbox 91 765 1115 815; baseline -0.003 -10"><span class='ocrx_word' id='word_1_48' title='bbox 91 766 306 805; x_wconf 83' lang='lat' dir='ltr'>Occurram</span> <span class='ocrx_word' id='word_1_49' title='bbox 323 767 362 804; x_wconf 92' lang='lat' dir='ltr'>in</span> <span class='ocrx_word' id='word_1_50' title='bbox 379 766 500 804; x_wconf 81' lang='lat' dir='ltr'>triviis</span> <span class='ocrx_word' id='word_1_51' title='bbox 515 781 525 810; x_wconf 88' lang='grc'><strong>;</strong></span> <span class='ocrx_word' id='word_1_52' title='bbox 552 766 742 804; x_wconf 82' lang='lat' dir='ltr'>deducam</span> <span class='ocrx_word' id='word_1_53' title='bbox 757 779 767 802; x_wconf 90' lang='lat'>:</span> <span class='ocrx_word' id='word_1_54' title='bbox 801 765 855 802; x_wconf 90' lang='lat' dir='ltr'>nil</span> <span class='ocrx_word' id='word_1_55' title='bbox 873 765 955 803; x_wconf 89' lang='lat' dir='ltr'>sine</span> <span class='ocrx_word' id='word_1_56' title='bbox 973 777 1115 815; x_wconf 83' lang='lat' dir='ltr'>magno</span> 
     </span>
     <span class='ocr_line' id='line_1_9' title="bbox 90 829 1140 880; baseline -0.001 -12"><span class='ocrx_word' id='word_1_57' title='bbox 90 831 184 874; x_wconf 83' lang='lat' dir='ltr'>Vita</span> <span class='ocrx_word' id='word_1_58' title='bbox 194 831 326 870; x_wconf 81' lang='lat' dir='ltr'>labore</span> <span class='ocrx_word' id='word_1_59' title='bbox 337 831 445 870; x_wconf 88' lang='lat' dir='ltr'>dedit</span> <span class='ocrx_word' id='word_1_60' title='bbox 455 830 691 869; x_wconf 74' lang='lat' dir='ltr'>mortalibus-</span> <span class='ocrx_word' id='word_1_61' title='bbox 707 829 820 868; x_wconf 88' lang='lat' dir='ltr'>Haec</span> <span class='ocrx_word' id='word_1_62' title='bbox 831 830 924 867; x_wconf 90' lang='lat' dir='ltr'>dum</span> <span class='ocrx_word' id='word_1_63' title='bbox 935 829 1030 880; x_wconf 87' lang='lat' dir='ltr'>agit,</span> <span class='ocrx_word' id='word_1_64' title='bbox 1044 841 1140 868; x_wconf 79' lang='lat' dir='ltr'>ecce</span> 
     </span>
     <span class='ocr_line' id='line_1_10' title="bbox 90 893 1064 941; baseline -0.003 -7"><span class='ocrx_word' id='word_1_65' title='bbox 90 894 238 934; x_wconf 82' lang='lat' dir='ltr'>Fuscus</span> <span class='ocrx_word' id='word_1_66' title='bbox 258 895 424 933; x_wconf 82' lang='lat' dir='ltr'>Aristius</span> <span class='ocrx_word' id='word_1_67' title='bbox 442 895 625 941; x_wconf 91' lang='lat' dir='ltr'>occurrit,</span> <span class='ocrx_word' id='word_1_68' title='bbox 644 894 737 932; x_wconf 89' lang='lat' dir='ltr'>mihi</span> <span class='ocrx_word' id='word_1_69' title='bbox 756 906 880 941; x_wconf 84' lang='lat' dir='ltr'>carus,</span> <span class='ocrx_word' id='word_1_70' title='bbox 899 900 940 932; x_wconf 86' lang='lat' dir='ltr'>et</span> <span class='ocrx_word' id='word_1_71' title='bbox 957 893 1064 931; x_wconf 88' lang='lat' dir='ltr'>illum</span> 
     </span>
     <span class='ocr_line' id='line_1_11' title="bbox 90 962 1137 1015; baseline -0.002 -13"><span class='ocrx_word' id='word_1_72' title='bbox 90 963 168 1006; x_wconf 83' lang='lat' dir='ltr'>Qui</span> <span class='ocrx_word' id='word_1_73' title='bbox 181 964 344 1015; x_wconf 89' lang='lat' dir='ltr'>pulchre</span> <span class='ocrx_word' id='word_1_74' title='bbox 357 970 499 1001; x_wconf 83' lang='lat' dir='ltr'>nosset.</span> <span class='ocrx_word' id='word_1_75' title='bbox 518 962 784 1001; x_wconf 89' lang='lat' dir='ltr'>Consistimus.</span> <span class='ocrx_word' id='word_1_76' title='bbox 803 962 919 1001; x_wconf 87' lang='lat' dir='ltr'>Unde</span> <span class='ocrx_word' id='word_1_77' title='bbox 933 962 1062 1000; x_wconf 84' lang='lat' dir='ltr'>venis?</span> <span class='ocrx_word' id='word_1_78' title='bbox 1083 968 1137 1008; x_wconf 85' lang='lat' dir='ltr'>et,</span> 
     </span>
     <span class='ocr_line' id='line_1_12' title="bbox 91 1022 1121 1077; baseline -0.002 -13"><span class='ocrx_word' id='word_1_79' title='bbox 91 1027 181 1069; x_wconf 83' lang='lat' dir='ltr'>Quo</span> <span class='ocrx_word' id='word_1_80' title='bbox 197 1027 350 1064; x_wconf 84' lang='lat' dir='ltr'>tendis?</span> <span class='ocrx_word' id='word_1_81' title='bbox 370 1034 495 1076; x_wconf 88' lang='lat' dir='ltr'>rogat,</span> <span class='ocrx_word' id='word_1_82' title='bbox 514 1033 554 1063; x_wconf 89' lang='lat' dir='ltr'>et</span> <span class='ocrx_word' id='word_1_83' title='bbox 571 1026 791 1077; x_wconf 85' lang='lat' dir='ltr'>respondet.</span> <span class='ocrx_word' id='word_1_84' title='bbox 820 1025 976 1064; x_wconf 85' lang='lat' dir='ltr'>Vellere</span> <span class='ocrx_word' id='word_1_85' title='bbox 994 1022 1121 1077; x_wconf 78' lang='lat' dir='ltr'>coe&#39;pi,</span> 
     </span>
     <span class='ocr_line' id='line_1_13' title="bbox 91 1089 1063 1140; baseline 0.001 -13"><span class='ocrx_word' id='word_1_86' title='bbox 91 1089 146 1127; x_wconf 84' lang='lat' dir='ltr'>Et</span> <span class='ocrx_word' id='word_1_87' title='bbox 162 1102 343 1140; x_wconf 85' lang='lat' dir='ltr'>prensare</span> <span class='ocrx_word' id='word_1_88' title='bbox 362 1103 477 1127; x_wconf 88' lang='lat' dir='ltr'>manu</span> <span class='ocrx_word' id='word_1_89' title='bbox 494 1090 705 1127; x_wconf 82' lang='lat' dir='ltr'>lentissima</span> <span class='ocrx_word' id='word_1_90' title='bbox 720 1090 892 1137; x_wconf 86' lang='lat' dir='ltr'>brachia,</span> <span class='ocrx_word' id='word_1_91' title='bbox 910 1097 1063 1137; x_wconf 83' lang='lat' dir='ltr'>nutans,</span> 
     </span>
     <span class='ocr_line' id='line_1_14' title="bbox 91 1153 1124 1205; baseline 0.001 -14"><span class='ocrx_word' id='word_1_92' title='bbox 91 1153 351 1204; x_wconf 87' lang='lat' dir='ltr'>Distorquens</span> <span class='ocrx_word' id='word_1_93' title='bbox 369 1153 515 1199; x_wconf 90' lang='lat' dir='ltr'>oculos,</span> <span class='ocrx_word' id='word_1_94' title='bbox 535 1161 578 1191; x_wconf 87' lang='lat' dir='ltr'>ut</span> <span class='ocrx_word' id='word_1_95' title='bbox 596 1167 657 1191; x_wconf 93' lang='lat' dir='ltr'>me</span> <span class='ocrx_word' id='word_1_96' title='bbox 672 1154 851 1205; x_wconf 88' lang='lat' dir='ltr'>eriperet.</span> <span class='ocrx_word' id='word_1_97' title='bbox 881 1153 986 1196; x_wconf 87' lang='lat' dir='ltr'>Male</span> <span class='ocrx_word' id='word_1_98' title='bbox 1004 1153 1124 1192; x_wconf 79' lang='lat' dir='ltr'>salsus</span> 
     </span>
     <span class='ocr_line' id='line_1_15' title="bbox 94 1217 1050 1269; baseline 0.001 -15"><span class='ocrx_word' id='word_1_99' title='bbox 94 1217 240 1255; x_wconf 88' lang='lat' dir='ltr'>Ridens</span> <span class='ocrx_word' id='word_1_100' title='bbox 258 1217 519 1256; x_wconf 84' lang='lat' dir='ltr'>dissimulare:</span> <span class='ocrx_word' id='word_1_101' title='bbox 547 1232 676 1257; x_wconf 91' lang='lat' dir='ltr'>meum</span> <span class='ocrx_word' id='word_1_102' title='bbox 689 1220 804 1269; x_wconf 87' lang='lat' dir='ltr'>jecur</span> <span class='ocrx_word' id='word_1_103' title='bbox 820 1230 934 1256; x_wconf 90' lang='lat' dir='ltr'>urere</span> <span class='ocrx_word' id='word_1_104' title='bbox 951 1217 1050 1256; x_wconf 85' lang='lat' dir='ltr'>bilis.</span> 
     </span>
     <span class='ocr_line' id='line_1_16' title="bbox 92 1283 935 1335; baseline 0.002 -14"><span class='ocrx_word' id='word_1_105' title='bbox 92 1283 211 1322; x_wconf 84' lang='lat' dir='ltr'>Certe</span> <span class='ocrx_word' id='word_1_106' title='bbox 229 1283 359 1331; x_wconf 83' lang='lat' dir='ltr'>nescio</span> <span class='ocrx_word' id='word_1_107' title='bbox 377 1283 470 1334; x_wconf 91' lang='lat' dir='ltr'>quid</span> <span class='ocrx_word' id='word_1_108' title='bbox 487 1290 640 1321; x_wconf 88' lang='lat' dir='ltr'>secreto</span> <span class='ocrx_word' id='word_1_109' title='bbox 657 1283 757 1322; x_wconf 88' lang='lat' dir='ltr'>velle</span> <span class='ocrx_word' id='word_1_110' title='bbox 770 1283 876 1335; x_wconf 92' lang='lat' dir='ltr'>loqui</span> <span class='ocrx_word' id='word_1_111' title='bbox 894 1291 935 1323; x_wconf 90' lang='lat' dir='ltr'>te</span> 
     </span>
    </p>

    <p class='ocr_par' dir='ltr' id='par_1_3' title="bbox 91 1347 1142 2042">
     <span class='ocr_line' id='line_1_17' title="bbox 94 1347 1016 1398; baseline 0.002 -14"><span class='ocrx_word' id='word_1_112' title='bbox 94 1347 239 1398; x_wconf 72' lang='lat' dir='ltr'>Aiebas</span> <span class='ocrx_word' id='word_1_113' title='bbox 256 1360 421 1385; x_wconf 89' lang='lat' dir='ltr'>mecum.</span> <span class='ocrx_word' id='word_1_114' title='bbox 449 1347 613 1386; x_wconf 88' lang='lat' dir='ltr'>Memini</span> <span class='ocrx_word' id='word_1_115' title='bbox 631 1348 754 1392; x_wconf 88' lang='lat' dir='ltr'>bene;</span> <span class='ocrx_word' id='word_1_116' title='bbox 780 1348 849 1386; x_wconf 89' lang='lat' dir='ltr'>sed</span> <span class='ocrx_word' id='word_1_117' title='bbox 867 1347 1016 1388; x_wconf 89' lang='lat' dir='ltr'>meliori</span> 
     </span>
     <span class='ocr_line' id='line_1_18' title="bbox 92 1410 1141 1462; baseline 0 -13"><span class='ocrx_word' id='word_1_118' title='bbox 92 1410 284 1462; x_wconf 88' lang='lat' dir='ltr'>Tempore</span> <span class='ocrx_word' id='word_1_119' title='bbox 299 1411 442 1449; x_wconf 86' lang='lat' dir='ltr'>dicam:</span> <span class='ocrx_word' id='word_1_120' title='bbox 461 1411 577 1450; x_wconf 91' lang='lat' dir='ltr'>hodie</span> <span class='ocrx_word' id='word_1_121' title='bbox 591 1412 787 1450; x_wconf 82' lang='lat' dir='ltr'>tricesima</span> <span class='ocrx_word' id='word_1_122' title='bbox 802 1412 984 1450; x_wconf 83' lang='lat' dir='ltr'>sabbata:</span> <span class='ocrx_word' id='word_1_123' title='bbox 1003 1412 1081 1449; x_wconf 90' lang='lat' dir='ltr'>vin’</span> <span class='ocrx_word' id='word_1_124' title='bbox 1097 1419 1141 1449; x_wconf 91' lang='lat' dir='ltr'>tu</span> 
     </span>
     <span class='ocr_line' id='line_1_19' title="bbox 91 1475 1104 1529; baseline 0 -15"><span class='ocrx_word' id='word_1_125' title='bbox 91 1475 223 1514; x_wconf 90' lang='lat' dir='ltr'>Curtis</span> <span class='ocrx_word' id='word_1_126' title='bbox 240 1475 399 1513; x_wconf 87' lang='lat' dir='ltr'>Judaeis</span> <span class='ocrx_word' id='word_1_127' title='bbox 418 1476 642 1529; x_wconf 83' lang='lat' dir='ltr'>oppedere?</span> <span class='ocrx_word' id='word_1_128' title='bbox 672 1475 790 1514; x_wconf 86' lang='lat' dir='ltr'>Nulla</span> <span class='ocrx_word' id='word_1_129' title='bbox 806 1475 914 1522; x_wconf 85' lang='lat' dir='ltr'>mihi,</span> <span class='ocrx_word' id='word_1_130' title='bbox 933 1476 1104 1528; x_wconf 87' lang='lat' dir='ltr'>inquam,</span> 
     </span>
     <span class='ocr_line' id='line_1_20' title="bbox 93 1539 1103 1591; baseline 0.001 -14"><span class='ocrx_word' id='word_1_131' title='bbox 93 1539 248 1591; x_wconf 88' lang='lat' dir='ltr'>Religio</span> <span class='ocrx_word' id='word_1_132' title='bbox 265 1547 335 1577; x_wconf 86' lang='lat' dir='ltr'>est.</span> <span class='ocrx_word' id='word_1_133' title='bbox 366 1542 421 1577; x_wconf 82' lang='lat' dir='ltr'>At</span> <span class='ocrx_word' id='word_1_134' title='bbox 438 1541 516 1583; x_wconf 79' lang='lat' dir='ltr'>mi;</span> <span class='ocrx_word' id='word_1_135' title='bbox 534 1553 617 1578; x_wconf 89' lang='lat' dir='ltr'>sum</span> <span class='ocrx_word' id='word_1_136' title='bbox 634 1540 765 1591; x_wconf 90' lang='lat' dir='ltr'>paullo</span> <span class='ocrx_word' id='word_1_137' title='bbox 784 1540 983 1586; x_wconf 89' lang='lat' dir='ltr'>infirmior,</span> <span class='ocrx_word' id='word_1_138' title='bbox 1003 1553 1103 1578; x_wconf 88' lang='lat' dir='ltr'>unus</span> 
     </span>
     <span class='ocr_line' id='line_1_21' title="bbox 92 1601 1142 1655; baseline 0.002 -15"><span class='ocrx_word' id='word_1_139' title='bbox 92 1601 319 1641; x_wconf 88' lang='lat' dir='ltr'>Multorum:</span> <span class='ocrx_word' id='word_1_140' title='bbox 333 1603 521 1654; x_wconf 82' lang='lat' dir='ltr'>ignosces:</span> <span class='ocrx_word' id='word_1_141' title='bbox 533 1604 625 1641; x_wconf 83' lang='lat' dir='ltr'>alias</span> <span class='ocrx_word' id='word_1_142' title='bbox 638 1604 786 1655; x_wconf 84' lang='lat' dir='ltr'>loquar.</span> <span class='ocrx_word' id='word_1_143' title='bbox 801 1604 1011 1642; x_wconf 88' lang='lat' dir='ltr'>Hunccine</span> <span class='ocrx_word' id='word_1_144' title='bbox 1021 1604 1142 1642; x_wconf 91' lang='lat' dir='ltr'>solem</span> 
     </span>
     <span class='ocr_line' id='line_1_22' title="bbox 93 1666 1142 1719; baseline 0.004 -15"><span class='ocrx_word' id='word_1_145' title='bbox 93 1666 191 1705; x_wconf 87' lang='lat' dir='ltr'>Tam</span> <span class='ocrx_word' id='word_1_146' title='bbox 204 1667 356 1718; x_wconf 89' lang='lat' dir='ltr'>nigrum</span> <span class='ocrx_word' id='word_1_147' title='bbox 368 1680 529 1705; x_wconf 84' lang='lat' dir='ltr'>surrexe</span> <span class='ocrx_word' id='word_1_148' title='bbox 543 1668 655 1706; x_wconf 84' lang='lat' dir='ltr'>mihi?</span> <span class='ocrx_word' id='word_1_149' title='bbox 673 1668 786 1719; x_wconf 85' lang='lat' dir='ltr'>Fugit</span> <span class='ocrx_word' id='word_1_150' title='bbox 800 1668 1009 1718; x_wconf 88' lang='lat' dir='ltr'>improbus,</span> <span class='ocrx_word' id='word_1_151' title='bbox 1021 1681 1068 1707; x_wconf 85' lang='lat' dir='ltr'>ac</span> <span class='ocrx_word' id='word_1_152' title='bbox 1079 1680 1142 1708; x_wconf 79' lang='lat' dir='ltr'>me</span> 
     </span>
     <span class='ocr_line' id='line_1_23' title="bbox 94 1730 959 1783; baseline 0 -15"><span class='ocrx_word' id='word_1_153' title='bbox 94 1730 175 1769; x_wconf 90' lang='lat' dir='ltr'>Sub</span> <span class='ocrx_word' id='word_1_154' title='bbox 193 1731 319 1769; x_wconf 93' lang='lat' dir='ltr'>cultro</span> <span class='ocrx_word' id='word_1_155' title='bbox 335 1731 486 1783; x_wconf 86' lang='lat' dir='ltr'>linquit.</span> <span class='ocrx_word' id='word_1_156' title='bbox 513 1732 614 1771; x_wconf 85' lang='lat' dir='ltr'>Casu</span> <span class='ocrx_word' id='word_1_157' title='bbox 631 1733 736 1771; x_wconf 85' lang='lat' dir='ltr'>venit</span> <span class='ocrx_word' id='word_1_158' title='bbox 755 1732 888 1770; x_wconf 86' lang='lat' dir='ltr'>obvius</span> <span class='ocrx_word' id='word_1_159' title='bbox 906 1732 959 1769; x_wconf 89' lang='lat' dir='ltr'>illi</span> 
     </span>
     <span class='ocr_line' id='line_1_24' title="bbox 95 1795 1052 1848; baseline 0.002 -17"><span class='ocrx_word' id='word_1_160' title='bbox 95 1795 361 1842; x_wconf 84' lang='lat' dir='ltr'>Adversarius,</span> <span class='ocrx_word' id='word_1_161' title='bbox 380 1803 435 1842; x_wconf 90' lang='lat' dir='ltr'>et,</span> <span class='ocrx_word' id='word_1_162' title='bbox 454 1797 542 1838; x_wconf 85' lang='lat' dir='ltr'>Quo</span> <span class='ocrx_word' id='word_1_163' title='bbox 559 1804 616 1843; x_wconf 89' lang='lat' dir='ltr'>tu,</span> <span class='ocrx_word' id='word_1_164' title='bbox 635 1796 882 1848; x_wconf 83' lang='lat' dir='ltr'>turpissime?</span> <span class='ocrx_word' id='word_1_165' title='bbox 912 1809 1052 1847; x_wconf 84' lang='lat' dir='ltr'>magna</span> 
     </span>
     <span class='ocr_line' id='line_1_25' title="bbox 94 1857 1087 1912; baseline 0.003 -17"><span class='ocrx_word' id='word_1_166' title='bbox 94 1857 297 1903; x_wconf 83' lang='lat' dir='ltr'>Exclamat</span> <span class='ocrx_word' id='word_1_167' title='bbox 314 1873 424 1906; x_wconf 91' lang='lat' dir='ltr'>voce,</span> <span class='ocrx_word' id='word_1_168' title='bbox 443 1867 496 1906; x_wconf 89' lang='lat' dir='ltr'>et,</span> <span class='ocrx_word' id='word_1_169' title='bbox 516 1860 630 1898; x_wconf 91' lang='lat' dir='ltr'>Licet</span> <span class='ocrx_word' id='word_1_170' title='bbox 648 1861 831 1898; x_wconf 83' lang='lat' dir='ltr'>antestari</span> <span class='ocrx_word' id='word_1_171' title='bbox 846 1861 861 1898; x_wconf 85' lang='lat'>?</span> <span class='ocrx_word' id='word_1_172' title='bbox 891 1860 978 1912; x_wconf 88' lang='lat' dir='ltr'>Ego</span> <span class='ocrx_word' id='word_1_173' title='bbox 995 1874 1087 1898; x_wconf 90' lang='lat' dir='ltr'>vero</span> 
     </span>
     <span class='ocr_line' id='line_1_26' title="bbox 92 1921 1140 1978; baseline 0.004 -18"><span class='ocrx_word' id='word_1_174' title='bbox 92 1921 260 1974; x_wconf 89' lang='lat' dir='ltr'>Oppono</span> <span class='ocrx_word' id='word_1_175' title='bbox 277 1924 504 1962; x_wconf 86' lang='lat' dir='ltr'>auriculam:</span> <span class='ocrx_word' id='word_1_176' title='bbox 523 1925 624 1975; x_wconf 86' lang='lat' dir='ltr'>rapit</span> <span class='ocrx_word' id='word_1_177' title='bbox 638 1925 676 1962; x_wconf 89' lang='lat' dir='ltr'>in</span> <span class='ocrx_word' id='word_1_178' title='bbox 684 1926 764 1975; x_wconf 89' lang='lat' dir='ltr'>jus:</span> <span class='ocrx_word' id='word_1_179' title='bbox 785 1925 928 1965; x_wconf 87' lang='lat' dir='ltr'>clamor</span> <span class='ocrx_word' id='word_1_180' title='bbox 942 1925 1140 1978; x_wconf 77' lang='lat' dir='ltr'>utrinque:</span> 
     </span>
     <span class='ocr_line' id='line_1_27' title="bbox 95 1986 1045 2042; baseline 0.001 -16"><span class='ocrx_word' id='word_1_181' title='bbox 95 1986 275 2039; x_wconf 89' lang='lat' dir='ltr'>Undique</span> <span class='ocrx_word' id='word_1_182' title='bbox 293 2001 513 2029; x_wconf 82' lang='lat' dir='ltr'>concursus.</span> <span class='ocrx_word' id='word_1_183' title='bbox 542 1989 608 2027; x_wconf 90' lang='lat' dir='ltr'>Sic</span> <span class='ocrx_word' id='word_1_184' title='bbox 626 2002 688 2027; x_wconf 89' lang='lat' dir='ltr'>me</span> <span class='ocrx_word' id='word_1_185' title='bbox 706 1990 872 2028; x_wconf 86' lang='lat' dir='ltr'>servavit</span> <span class='ocrx_word' id='word_1_186' title='bbox 888 1990 1045 2042; x_wconf 85' lang='lat' dir='ltr'>Apollo.</span> 
     </span>
    </p>
   </div>
   <div class='ocr_carea' id='block_1_3' title="bbox 499 2138 751 2149">
    <p class='ocr_par' dir='ltr' id='par_1_4' title="bbox 499 2138 751 2149">
     <span class='ocr_line' id='line_1_28' title="bbox 499 2138 751 2149; baseline 0 0"><span class='ocrx_word' id='word_1_187' title='bbox 499 2138 751 2149; x_wconf 95' lang='lat' dir='ltr'> </span> 
     </span>
    </p>
   </div>
   <div class='ocr_carea' id='block_1_4' title="bbox 498 2150 750 2160">
    <p class='ocr_par' dir='ltr' id='par_1_5' title="bbox 498 2150 750 2160">
     <span class='ocr_line' id='line_1_29' title="bbox 498 2150 750 2160; baseline 0 374"><span class='ocrx_word' id='word_1_188' title='bbox 498 2150 750 2160; x_wconf 95' lang='lat' dir='ltr'> </span> 
     </span>
    </p>
   </div>
  </div>
 </body>
</html>
