1378 2534
187 263 234 301 18
457 258 781 300 SERMONUM
831 260 866 300 1.
916 260 968 301 iv.
1122 265 1242 304 mss.

186 369 355 410 Audiret
370 369 529 418 leviora,
546 378 660 423 pater
676 372 709 410 si
725 372 874 411 viveret
887 372 902 412 ἓ
932 371 1040 424 Ergo

187 436 278 475 Non
295 435 387 474 satis
405 442 466 474 est
482 436 589 488 puris
605 449 760 476 versum
777 437 1019 489 perscribere
1036 436 1163 476 verbis
1177 450 1190 483 ε
1238 483 1246 489 1

185 502 314 544 Quem
331 500 363 545 si
382 499 581 549 dissolvas,
599 501 724 553 quivis
742 501 1008 541 stomachetur
1025 502 1180 550 eodem,

185 567 274 609 Quo
291 572 520 618 personatus
533 573 650 618 pacto
667 574 792 618 pater.
818 566 910 614 His,
922 580 999 620 ego
1010 580 1109 620 quae
1120 577 1240 616 nunc,

185 630 291 670 Olim
310 643 410 683 quae
427 630 581 683 scripsit
598 630 787 679 Lucilius,
807 632 948 683 eripias
964 633 998 671 si
1046 633 1161 684 [bum
1177 637 1244 672 eat

186 696 381 748 Tempora
386 702 495 735 certa
505 695 775 748 modosque‚et
781 698 886 749 quod
896 697 1004 750 prius
1014 697 1241 738 ordinem·

185 761 383 801 Posterius
401 760 534 808 facias,
553 773 796 814 praeponens
814 762 950 802 ultima
966 762 1124 815 primis:

126 836 136 841 “
185 826 291 874 Non,
310 834 354 864 ut
372 827 405 864 si
423 826 547 865 solvas
567 831 579 851 ‘
598 826 808 879 Postquam
826 827 1033 868 Discordia
1047 834 1153 867 tetra

184 891 284 930 Belli
301 891 465 930 ferratos
484 899 615 944 postes
633 899 840 944 portasque
858 891 1049 942 reb-egi&

182 955 360 995 Invenias
378 956 495 994 etiam
514 956 668 1009 disjecti
686 957 859 996 membra
874 957 1029 1007 poetae.

182 1020 389 1061 Hactenus
406 1022 530 1061 haec=
548 1021 656 1067 alias,
671 1023 819 1071 justum
835 1020 888 1059 sit
904 1032 1031 1060 necne
1048 1021 1212 1073 polim&

180 1085 299 1125 Nunc
317 1086 413 1125 illud
431 1092 582 1124 tantum
600 1097 797 1137 quaeram,
814 1085 1006 1125 meritone
1022 1085 1095 1124 tibi
1112 1085 1166 1125 sit

182 1150 415 1203 Suspectum
433 1163 556 1204 genus
573 1151 649 1189 hoc
666 1149 873 1189 scribendi.
902 1150 1057 1189 Sulcius
1073 1161 1167 1190 acer

184 1215 387 1261 Ambulat,
406 1223 447 1253 et
462 1215 639 1265 Caprius,
651 1215 759 1251 rauci
771 1214 886 1262 male,
900 1227 1068 1267 cumque
1082 1215 1241 1263 libellisg

181 1279 353 1331 Magnus
367 1286 532 1329 uterque
542 1278 658 1316 timor
675 1277 907 1316 latronibus:
922 1286 979 1325 at,
996 1279 1099 1318 bene
1109 1280 1142 1318 si
1153 1280 1241 1333 quis

183 1343 238 1382 Et
255 1344 359 1381 vivat
376 1343 483 1395 puris
500 1342 691 1389 manibus,
710 1348 935 1381 contemnat
951 1349 1174 1395 utrumque.

182 1408 241 1448 Ut
259 1408 309 1446 sis
327 1415 371 1446 tu
389 1407 522 1445 similis
541 1407 654 1446 Coeli
673 1407 881 1458 Byrrique‚
899 1406 1108 1455 latronum,

181 1473 273 1512 Non
292 1486 366 1524 ego
384 1472 455 1510 sim
469 1472 602 1523 Capri,
616 1484 743 1522 neque
757 1470 866 1510 Sulci
879 1487 890 1516 ;
908 1484 979 1510 cur
989 1479 1141 1512 metuas
1150 1474 1237 1515 me?

181 1537 302 1577 Nulla
319 1538 482 1576 taberna
498 1549 605 1575 meos
618 1536 774 1583 habeat,
792 1548 920 1589 neque
937 1537 1030 1589 pila,
1047 1537 1213 1587 libellos,

181 1603 303 1646 Queis
309 1615 446 1641 manus
457 1601 612 1640 insudet
618 1600 1239 1656 vulgi,HermogenisqueTigeffl=

179 1668 268 1708 Nec
279 1667 441 1706 recitem
452 1666 676 1719 quidquam,
688 1666 762 1704 nisi
772 1666 920 1715 amicis,
932 1666 1050 1720 idque
1062 1675 1240 1714 coactum

181 1733 274 1772 Non
292 1732 432 1779 ubivis,
458 1743 637 1770 coramve
656 1730 905 1783 quibuslibet.
931 1731 979 1770 In
996 1733 1127 1772 medio
1142 1733 1213 1785 qui

180 1798 336 1850 Scripta
345 1796 431 1835 foro
442 1796 623 1843 recitent,
634 1802 726 1834 sunt
735 1796 847 1834 multi
856 1811 866 1840 ;
884 1796 1030 1848 quique
1046 1797 1219 1836 lavantes
1226 1811 1239 1837 ι

180 1862 308 1902 suave
326 1860 437 1900 locus
454 1860 541 1900 voci
561 1868 718 1900 resonat
735 1860 954 1900 conclusus.
980 1861 1123 1900 Inanes

179 1927 273 1965 Hoc
287 1928 412 1977 juvat,
424 1925 529 1964 haud
543 1925 639 1964 illud
650 1933 896 1978 quaerentem
907 1936 1000 1964 num
1011 1925 1094 1964 sine
1105 1936 1236 1973 sensu,

179 1990 374 2043 Tempore
392 2003 485 2029 num
504 1991 649 2029 faciant
666 1991 806 2031 alieno.
834 1989 1012 2028 Laa'edere
1031 1990 1193 2041 gaudes,

177 2057 333 2111 Inquit;
351 2064 393 2095 et
405 2044 482 2095 hoc
496 2056 625 2095 studio
642 2067 782 2108 pravus
799 2054 908 2095 facis.
935 2055 1053 2095 Unde
1069 2055 1237 2107 petitum

178 2122 270 2162 Hoc
284 2123 323 2161 in
342 2134 403 2159 me
418 2120 543 2173 jacis?
564 2128 624 2159 est
642 2128 779 2160 auctor
796 2121 882 2172 quis
900 2120 1068 2172 denique
1085 2131 1238 2167 eorum,

176 2186 271 2229 Vixi
289 2199 379 2229 cum
397 2187 563 2241 quibus?
584 2186 803 2227 Absentem
813 2185 880 2238 qui
898 2185 1002 2225 rodit
1017 2184 1187 2225 amicum
1200 2198 1217 2230 ς
