1378 2534
476 243 745 316 Nornmss
1084 273 1157 314 187

373 365 423 393 ln
448 366 535 392 LIB·
562 365 610 392 11·
637 361 888 391 Snuom·

106 450 228 490 MSS·
252 451 425 503 reposuit
445 450 591 489 occidis.
654 448 885 487 Retinemus
913 453 1043 485 tamen
1070 444 1151 484 lec-

105 515 252 554 tionem
269 515 489 566 vulgarem:
521 514 578 552 sic
591 513 695 551 enim
714 519 822 551 recte
835 510 1014 562 procedit
1029 509 1155 548 oratio

103 579 296 632 —Neque
314 587 358 618 tu
375 591 538 617 uxorem
570 584 610 615 et
627 584 792 615 matrem
810 574 999 613 interimis
1021 574 1085 626 (id
1112 586 1153 612 e-

105 644 185 682 nim
206 642 512 694 estsshocfiae)
547 653 692 687 sums,
721 653 794 679 nec
826 650 981 685 ranno,
1013 646 1058 676 ut
1085 637 1154 676 de-

103 719 213 745 mens
231 707 392 746 Orestes
409 706 647 758 genetricem
658 703 815 743 occidit.
869 703 1011 742 Facete
1024 709 1066 740 et
1082 714 1154 752 per

104 770 267 809 ironiam
281 770 408 822 arguit
426 770 595 816 Stoicus,
613 769 719 807 hunc
733 767 868 806 uxoris
886 775 928 805 et
944 765 1078 804 matris
1095 765 1154 802 in·

103 834 354 874 tei-sectorem
371 848 449 873 non
468 834 643 872 insanum
661 846 761 880 esse,
779 833 870 884 quia
888 844 1015 882 neque
1038 830 1153 882 Argis

105 911 233 950 neque
233 901 365 951 ferro,
391 899 493 937 sicut
522 898 698 944 Orestes,
725 896 972 948 parricidium
1002 894 1154 933 fecerit.

106 963 179 1009 At,
208 963 241 1001 si
270 963 403 1002 occidis
430 963 615 1014 legamus,
652 970 734 1000 tum
763 962 861 1000 haec
892 974 980 999 cum
1010 959 1152 997 Oreste

103 1028 340 1079 comparatio
370 1027 564 1079 parricidii
588 1027 884 1064 instrumentum
912 1032 1063 1063 tantum
1091 1037 1153 1062 re-

105 1092 259 1142 spiciet,
272 1104 363 1129 ·non
382 1091 498 1129 etiam
516 1090 661 1135 locum,
688 1089 761 1127 nisi
792 1089 972 1127 Orestem
998 1101 1152 1140 quoque

105 1162 189 1192 tam
204 1167 381 1202 uxorem,
409 1165 523 1206 quam
540 1163 716 1200 matrem,
743 1153 984 1192 interemisse
997 1152 1153 1190 finxeri-

104 1231 204 1256 mus.

155 1281 233 1319 111.
261 1285 348 1322 154.
400 1282 477 1321 Pro
495 1283 657 1328 accedat,
675 1282 791 1333 longe
818 1282 948 1332 plures
974 1295 1025 1320 ex
1042 1280 1151 1319 libris

105 1346 259 1397 scriptis
269 1347 423 1394 accedit,
437 1354 480 1385 ut
493 1347 623 1398 paullo
634 1354 725 1384 ante
737 1347 778 1384 ni
789 1353 854 1383 tua
866 1345 1036 1383 custodis.
1076 1344 1155 1382 Pro

107 1410 252 1463 ingens,
280 1411 409 1449 Bentl.
427 1413 529 1461 conj.
539 1423 732 1463 praesens,
761 1409 956 1460 Cuningh.
972 1411 1130 1447 instans.

158 1477 245 1513 156.
313 1474 535 1512 Octussibus.
607 1474 669 1512 Ita
699 1486 847 1520 omnes,
889 1474 1021 1519 credo,
1062 1473 1154 1510 libri

108 1537 256 1588 scripti,
274 1545 315 1576 et
332 1538 560 1576 scholiastae
577 1546 741 1577 veteres.
773 1538 798 1574 i.
817 1550 852 1575 e.
870 1535 1019 1587 singula
1037 1537 1154 1588 ptisa-

106 1602 214 1639 nario
241 1602 401 1653 singulis
431 1603 671 1646 octussibus3
713 1602 879 1652 Anglice
910 1601 1154 1653 siglam,

104 1673 150 1704 ut
168 1666 283 1717 vulgo
300 1666 495 1718 siqences.
551 1671 577 1690 “
604 1666 814 1717 Postquam
831 1678 920 1704 aere
934 1666 1086 1716 signato
1098 1665 1155 1703 uti

105 1735 135 1754 “
162 1731 291 1782 coepit
308 1731 475 1782 populus
490 1729 602 1768 Rom.
622 1729 789 1780 Tarpeia
802 1730 892 1780 lege
906 1737 1061 1767 cautum
1080 1736 1154 1776 est,

103 1799 134 1819 “
161 1802 205 1833 ut
222 1795 292 1833 bos
316 1794 553 1840 centus-sibus,
583 1794 664 1832 ovis
695 1793 910 1838 decnssibus,
931 1794 1153 1832 aestimare·

105 1863 135 1883 ‘⁶
161 1860 267 1897 tur-’²
305 1858 465 1897 Fnsws
484 1858 524 1895 in
541 1870 636 1896 voce
655 1857 870 1896 Pet-alatus.
912 1858 1002 1895 vid.
1021 1858 1151 1896 Bentl.

106 1922 189 1960 Alii
205 1928 284 1960 ado
301 1922 454 1960 assibus.

158 1989 245 2025 166.
295 1986 384 2024 Jam
399 1986 504 2032 olim,
519 1992 562 2024 ut
574 1999 627 2024 ex
645 1985 861 2025 scholiastis
873 1986 1022 2024 discere
1039 1986 1147 2033 licet,

104 2050 214 2087 locus
230 2049 295 2087 hic
312 2050 515 2100 ambiguae
532 2058 615 2088 erat
632 2050 822 2088 lectionis.
874 2049 1010 2088 Plures
1040 2051 1147 2088 codi-

106 2125 185 2158 ces,
212 2120 253 2151 et
271 2113 459 2152 editiones
478 2128 610 2153 omnes
627 2115 772 2152 habent
789 2114 1011 2153 barathrone
1023 2115 1147 2153 dones.

104 2176 197 2216 Duo
216 2189 268 2216 ex
286 2177 523 2218 Bentleianis
554 2187 594 2219 et
612 2179 724 2219 Gott.
742 2179 908 2219 Gesneri
924 2178 1147 2229 balano-ne,
