1378 2534
228 256 305 298 224
625 255 663 294 N
666 255 890 296 OTULAE

458 343 506 371 IN
533 345 617 371 LIB.
646 346 694 371 11.
722 345 1038 374 EPISTOLARUM.

278 429 398 480 Apud
416 429 660 481 Propertium
678 430 835 481 quidem
852 436 942 469 sunt
959 430 1058 469 haec
1081 430 1198 470 verba
1210 442 1225 469 ε

303 506 399 544 Nou
417 504 531 544 datur
547 507 599 545 ad
615 508 750 546 Musas
767 521 915 546 currere
933 519 1051 546 LATA
1071 519 1164 546 vm.

940 571 1000 610 El.
1018 572 1094 610 111.
1106 573 1132 610 i.
1155 576 1212 612 14.

225 646 338 687 quae,
365 635 397 673 si
415 636 492 674 huc
505 635 667 683 faciunt,
686 636 852 675 Gesneri
869 636 1043 684 lectioni,
1060 642 1262 683 contracta,

226 701 355 740 favere
374 701 564 740 videntur.

274 778 329 815 11.
357 780 418 819 87.
470 778 607 816 Frater
623 783 704 816 erat
722 778 864 816 Romae
879 777 1036 816 consulti
1051 776 1189 825 rhetor,
1218 783 1263 816 ut

273 842 440 881 Alterius
457 854 619 880 sermone
636 855 752 880 meros
769 842 915 880 audiret
931 841 1085 881 honores
1095 858 1113 887 ;
1139 841 1259 892 [alter

275 906 462 944 Gracchus
480 912 521 943 ut
537 905 596 944 hic
612 905 671 944 illi
669 908 796 958 firet,
821 906 906 944 huic
923 912 964 944 ut
982 906 1134 945 Mucius
1149 905 1220 945 illi.

223 983 264 1021 Si
281 995 373 1021 sana
391 983 440 1020 sit
457 982 554 1021 haec
572 983 704 1030 lectio,
736 996 851 1034 quam
881 983 970 1021 libri
1001 996 1134 1022 omnes
1151 995 1261 1035 prae·

219 1057 336 1095 stant,
363 1054 418 1095 ut,
445 1047 768 1100 quemadmodum
792 1061 907 1099 saepe
937 1048 1043 1095 alibi,
1068 1047 1261 1100 accipian⁶

227 1114 319 1152 dum
337 1113 406 1160 ita,
424 1119 476 1150 ut.

271 1189 430 1242 Iraficit
446 1189 629 1242 capitalis,
658 1202 714 1229 υτ
733 1189 860 1228 ultima
878 1189 1059 1229 divideret
1089 1203 1198 1229 mors.

939 1254 1020 1293 Sat.
1038 1254 1072 1292 1.
1087 1254 1153 1293 vii.
1173 1257 1234 1294 13.

217 1320 242 1358 i.
261 1332 295 1358 e.
314 1318 382 1365 ita,
401 1324 454 1356 ut.
508 1317 560 1355 Et
578 1317 779 1368 itafiater
809 1317 1080 1369 accipiendum
1107 1317 1262 1356 videtur

217 1386 272 1423 ita
289 1383 490 1434 gemellus,
517 1382 571 1420 ita
589 1381 736 1427 similis,
763 1388 803 1420 ut
820 1384 891 1420 ὅτε.
945 1381 1022 1424 Qui
1054 1381 1188 1432 quavis
1214 1393 1259 1419 re

216 1448 358 1486 similes
375 1454 479 1493 sunt,
507 1447 556 1483 ob
585 1445 874 1483 similitudinem
887 1446 1042 1497 fratres
1071 1444 1258 1496 appellari

215 1512 354 1550 solent.
408 1510 455 1547 E.
474 1509 525 1547 G.
551 1510 655 1561 apud
675 1509 843 1547 Plinium
879 1508 988 1562 (Lib.
1006 1508 1055 1547 V.
1072 1510 1132 1562 2.)
1168 1521 1255 1561 sep·

215 1584 295 1615 tem
312 1581 464 1613 montes
482 1586 506 1612 a
531 1574 645 1611 simili
663 1573 867 1612 altitudine
897 1579 1032 1625 septem
1059 1583 1256 1611 murana

216 1640 480 1692 appellantur;
504 1645 550 1693 ’et
576 1650 691 1690 supra
713 1637 817 1689 (Sat.
837 1637 891 1676 ΙΙ.
909 1637 963 1675 iii.
987 1637 1098 1689 244.)
1153 1635 1260 1676 Arrii

216 1705 284 1742 filii
303 1711 486 1742 notantur
504 1710 690 1754 tanquam

215 1794 396 1847 Nequitia
412 1800 448 1832 et
462 1794 583 1846 nugis,
594 1806 797 1850 pravorum
811 1798 846 1831 et
859 1806 998 1842 amore,
1024 1802 1231 1832 anuum.

214 1885 305 1923 Pari
322 1884 485 1930 ratione,
511 1883 615 1935 apud
644 1883 873 1922 ,Iuvenalem
909 1883 1013 1936 (Sat.
1039 1880 1253 1937 XIV.·52.)

213 1949 329 1995 filius,
355 1948 420 1999 qui
439 1948 609 1987 moribus
627 1947 729 1999 patri
746 1946 878 1985 similis
897 1953 970 1994 est,
1000 1960 1140 1989 morum
1141 1947 1257 2000 filius

213 2020 384 2052 vocatur.
437 2011 568 2062 Negat
587 2011 742 2063 quidem
756 2010 955 2050 Bentleius
971 2023 1108 2051 vocem
1125 2011 1181 2051 ita
1196 2011 1256 2051 sic

215 2085 320 2116 recte
346 2089 435 2115 cum
466 2076 704 2123 substantiyo
730 2074 843 2126 jungi
873 2087 998 2127 posse.
1065 2076 1254 2116 Attamen

216 2141 421 2180 Terentius
437 2139 493 2180 sic
512 2140 718 2192 usurpasse
735 2139 907 2180 videtur:
927 2189 929 2191 ι
