1378 2534
106 279 227 320 ιω.
270 262 274 270 “
332 325 340 332 ‚
381 276 701 318 SERMONUM
750 277 786 318 1.
835 291 874 318 v.
1105 283 1158 320 ω

109 387 219 428 Hinc
234 399 306 428 nos
323 387 483 428 Cocceii
499 388 639 441 recipit
654 388 876 441 plenissima
891 389 997 437 villa,

108 452 221 496 Quae
230 465 347 505 super
357 459 418 492 est
428 453 554 492 Caudi
565 465 772 505 oeuponas.
790 454 907 494 Nunc
918 455 1013 494 mihi
1022 457 1158 508 paucis

110 515 303 556 Sarmenti
320 529 476 557 scurrae
493 530 664 570 pugnam
682 517 883 571 Messique
901 519 1055 567 Cicirri,

107 579 240 628 Musa,
252 581 369 621 velim
380 595 588 627 memores;
600 590 642 621 et
655 597 733 635 quo
744 591 856 635 patre
866 592 980 624 natus
994 592 1159 638 uterque

109 644 330 686 Contulerit
345 646 446 686 lites.
471 647 598 686 Messi
614 648 762 687 clarum
779 662 902 700 genus
920 648 1038 688 Osci:

111 707 306 750 Sumenti
324 711 480 751 domina
497 720 639 752 exstat.
666 713 732 752 Ab
750 713 810 752 his
827 714 1038 765 maj0rstms
1054 715 1131 754 orti

110 775 180 814 Ad
194 788 366 828 pugnam
382 789 538 816 venere.
564 777 677 817 Prior
696 777 923 818 Sarmentus
934 793 946 817 =
965 778 1069 832 Equi
1086 787 1127 820 te

63 868 66 871 -
109 837 208 879 Esse
224 839 299 879 feri
315 840 479 880 similem
495 841 597 880 dico.
625 841 838 888 Ridemus3
863 850 906 882 et
922 842 1006 895 ipse

107 901 292 952 Messius,
310 905 500 958 Accipio;
518 914 636 958 caput
653 913 694 945 et
711 914 854 947 movet.
881 907 934 954 0,
945 915 1014 946 tua
1024 921 1147 947 cornu

108 966 164 1006 Ni
175 967 278 1008 foret
293 977 456 1008 exsecto
467 970 590 1017 frons,
613 971 754 1023 inquit,
768 971 863 1023 quid
875 971 1039 1020 iaceres,
1067 986 1159 1014 cum

110 1029 179 1071 sic
194 1033 352 1072 mutilus
367 1034 579 1074 miniteris!
604 1042 646 1073 at
662 1035 718 1073 illi
734 1034 850 1074 foeda
866 1036 1031 1078 cicatrix

112 1095 290 1135 Setosam
306 1097 407 1136 laevi
423 1097 592 1136 frontem
609 1105 833 1150 turpaverat
850 1101 940 1139 oris.

59 1170 74 1174 ·
112 1159 352 1212 Campanum
358 1161 398 1199 in
407 1161 597 1208 morbum,
605 1162 789 1202 infaciem
795 1165 990 1215 permulta
990 1167 1159 1217 jocatus,

109 1222 312 1264 Pastorem
328 1225 487 1264 saltaret
503 1226 562 1265 uti
579 1227 768 1278 Cyclopa,
795 1229 982 1279 rogabat3

48 1314 50 1316 -
112 1286 180 1326 Nil
196 1288 253 1327 illi
268 1289 375 1328 larva
398 1295 467 1328 aut
482 1291 641 1342 tragicis
659 1304 756 1344 opus
772 1305 858 1331 esse
876 1294 1088 1334 cothurnis.

108 1351 241 1392 Multa
256 1353 428 1393 Cicirrus
439 1355 490 1393 ad
502 1355 619 1394 haec:
639 1356 821 1396 donasset
830 1359 962 1407 jamne
978 1366 1158 1399 catenam

108 1416 175 1456 Ex
190 1425 283 1457 voto
299 1417 478 1467 Laribus,
489 1421 731 1472 quaerebat?
759 1422 886 1461 scriba
901 1423 1008 1475 quod
1024 1432 1142 1472 esset,

106 1482 245 1522 ‘Nihilo
261 1483 432 1523 deterius
449 1485 627 1524 dominae
642 1487 706 1537 jus
723 1498 821 1524 we.
849 1487 1032 1539 Rogabat

108 1546 307 1599 Denique,
334 1561 405 1587 eur
421 1562 591 1601 unquam
605 1548 785 1601 fugisset,
812 1551 876 1589 cui
894 1552 987 1591 satis
1006 1567 1084 1593 una

110 1611 238 1650 Farris
254 1612 354 1650 libra
367 1613 484 1660 foret,
509 1614 645 1665 gracili
657 1615 729 1661 sic,
755 1622 913 1667 tamque
930 1618 1072 1668 pusillo
1088 1619 1105 1659 Ξ

110 1674 274 1715 Prorsus
285 1677 460 1726 jucunde
477 1691 640 1717 coenam
657 1679 910 1730 produximus
925 1680 1044 1720 illam.

111 1739 324 1779 Tendimus
339 1740 433 1779 hinc
450 1749 558 1781 recta
574 1742 866 1788 Beneventum3
882 1745 949 1783 ubi
962 1746 1120 1787 sedulus

314 1804 455 1857 hospes

110 1867 257 1916 Paene,
273 1881 440 1916 maci-w,
457 1870 565 1917 arsit,
582 1870 676 1910 dum
692 1872 828 1911 turdos
845 1881 974 1914 versat
990 1875 1031 1914 in
1048 1875 1158 1928 igne:

110 1930 327 1985 Namvaga
343 1942 604 1985 perveterem
621 1935 770 1988 dilapso
787 1937 943 1977 flamma
960 1940 1131 1980 culinam

110 1994 288 2036 Vulcano
312 2011 504 2038 summum
519 2001 754 2052 properabat
767 2001 940 2042 lambere
956 2011 1120 2044 tectum.

111 2058 302 2099 Convivas
319 2062 451 2101 avidos
469 2075 646 2110 coenam,
672 2076 884 2117 servoeque
900 2067 1097 2115 timentes,

113 2121 216 2161 Tum
231 2137 383 2176 rapere,
400 2135 517 2179 atque
536 2140 671 2167 omnes
688 2129 930 2181 restinguere
940 2132 1040 2172 velle
1052 2132 1161 2172 vide-

112 2184 257 2239 Incipit
273 2201 325 2228 ex
343 2190 409 2230 illo
425 2198 577 2231 montes
595 2193 768 2244 Appulia
783 2201 896 2233 notos
1060 2197 1160 2247 [res.
