1378 2534
88 290 125 316 v.
146 276 181 317 1.
311 268 717 315 EPISTOLARUM
766 271 801 311 1.
852 269 921 312 xii.
1070 271 1145 312 106

452 525 627 565 EPIST.
678 524 771 563 XII.

482 666 545 692 An
573 666 740 692 rccmu.

86 771 331 810 Panormus
350 769 551 822 Agrippae
570 768 724 815 Siculis,
740 780 840 820 quos
858 768 1023 820 colligis,
1035 768 1134 817 Ioci,

88 835 131 874 Si
148 842 256 873 recte
272 833 427 880 frueris,
451 845 532 871 non
549 839 611 871 est
627 839 671 870 ut
688 832 803 884 copia
819 834 942 883 major

87 900 155 938 Ab
171 899 272 938 Jove
289 897 425 937 donari
440 896 563 949 possit
579 896 662 934 tibi.
690 895 802 934 Tolle
820 896 998 948 querelas
1009 911 1021 934 ε

86 964 242 1016 Pauper
258 963 363 1002 enim
379 975 459 1001 non
475 969 550 1007 est,
577 961 642 999 cui
658 974 789 999 rerum
805 962 979 1013 suppetit
997 974 1101 1000 usus.

89 1028 132 1066 Si
149 1027 275 1066 ventri
289 1026 407 1073 bene,
424 1026 457 1064 si
476 1025 590 1063 lateri
604 1032 677 1071 est,
695 1025 936 1077 pedibusque
953 1026 1046 1072 tuis,
1063 1025 1119 1064 nil

86 1091 260 1130 Divitiae
275 1098 461 1142 poterunt
479 1090 629 1140 regales
645 1089 791 1127 addere
809 1091 944 1140 majus.

90 1156 133 1195 Si
149 1156 266 1203 forte,
283 1156 325 1193 in
341 1154 471 1193 medio
488 1154 703 1206 positorum
720 1154 945 1202 abstemius,
963 1154 1094 1194 herbis

89 1220 198 1258 Vivis
215 1227 257 1258 et
273 1219 423 1263 urtioe3
448 1218 506 1256 sic
522 1219 628 1256 vives
645 1225 848 1269 protenus,
875 1226 919 1256 ut
936 1225 978 1257 te

89 1285 305 1324 Confestim
321 1284 489 1335 liquidus
506 1283 686 1323 fortunae
702 1283 807 1321 rivus
825 1283 1002 1322 inauretz

88 1350 163 1388 Vel
179 1349 271 1401 quia
286 1355 463 1387 naturam
481 1355 632 1386 mutare
650 1347 818 1399 pecunia
834 1348 973 1394 nescit,

88 1413 164 1452 Vel
182 1413 275 1465 quia
290 1420 433 1452 cuncta
449 1420 564 1464 putas
581 1425 659 1450 una
674 1413 819 1450 virtute
837 1413 998 1452 minora.

90 1477 297 1525 Miramur,
314 1477 347 1515 εἰ
363 1477 581 1515 Democriti
598 1489 720 1528 pecus
738 1477 820 1515 edit
836 1478 984 1529 agellos

93 1542 300 1593 Cultaque,
327 1542 419 1580 dum
445 1554 610 1592 peregre
628 1548 688 1579 est
705 1541 856 1580 animus
872 1543 956 1581 sine
974 1555 1138 1596 corpore

296 1606 413 1644 velox
429 1621 440 1649 ;

92 1670 193 1709 Cum
210 1678 269 1716 tu,
287 1671 390 1708 inter
405 1670 574 1708 scabiem
591 1677 739 1708 tantam
756 1678 798 1709 et
815 1672 997 1723 contagia
1012 1673 1127 1723 lueri,

93 1735 160 1772 Nil
178 1747 338 1786 parvum
355 1734 492 1785 sapias,
520 1741 561 1772 et
578 1734 707 1772 adhuc
724 1735 902 1774 sublimia
920 1738 1059 1775 curoe?

92 1800 204 1842 Quae
222 1811 328 1836 mare
346 1805 596 1850 compescant
613 1811 754 1837 causae
764 1812 776 1836 ε
803 1799 898 1851 quid
914 1807 1109 1852 temperet

296 1875 440 1900 annum
452 1876 464 1900 ε

31 1934 39 1939 ”
93 1927 238 1966 Stellae
254 1936 394 1978 sponte
410 1941 494 1975 sua,
508 1930 691 1979 jussaene
707 1936 898 1981 vagentur
913 1937 956 1968 et
972 1937 1126 1976 errentz

94 1993 201 2035 Quid
215 2000 365 2043 premat
392 1994 600 2032 obscurum
616 1994 747 2041 lunae,
774 1994 869 2046 quid
884 1995 1056 2047 proferat
1081 2008 1143 2036 or-

297 2057 410 2095 bem:

95 2121 202 2163 Quid
216 2121 310 2160 velit
327 2129 367 2160 et
384 2123 505 2174 possit
522 2135 652 2162 rerum
669 2124 879 2163 concordia
895 2123 1042 2163 discors
1054 2124 1083 2177 ε]

97 2182 371 2236 Empedocles,
397 2199 447 2226 an
464 2187 695 2227 Stertinium
712 2187 852 2229 deliret
868 2200 1047 2227 acumen.

149 2249 269 2290 Tun.
299 2251 359 2289 11.
626 2252 665 2293 Ο
