1378 2534
116 269 155 297 v.
172 261 211 297 9.
367 235 795 300 sessionum.
845 255 886 294 ii.
1118 254 1172 295 45

120 368 336 418 Corruptus
347 367 486 417 judex.
513 366 706 418 Leporem
724 373 909 412 sectatus,
927 379 1079 418 equove

119 432 263 471 Lassus
274 432 324 470 ab
341 431 553 475 indomito;
579 432 640 469 vel
663 431 718 484 (si
738 431 915 470 Romana
930 432 1068 484 fatigat

118 495 265 535 Militia
281 503 477 535 assuetum
495 495 705 547 Graecari)
727 508 796 533 seu
814 495 894 547 pila
911 496 1043 542 velox,

118 560 296 600 Molliter
311 568 507 599 austerum
525 560 654 599 studio
672 560 830 599 fallente
846 561 1043 605 laborem;

53 646 59 650 -
120 626 200 665 Seu
217 634 257 664 te
275 627 404 665 discus
422 626 516 676 agit,
535 633 627 677 pete
646 625 852 664 cedentem
871 627 962 663 aeta
986 626 1120 671 disco;

120 691 222 730 Cum
237 691 347 728 labor
364 690 563 728 extuderit
579 689 747 736 fastidia,
765 690 906 736 siccus,
924 690 1063 737 inanis,

122 755 271 806 Sperne
283 755 413 792 cibum
424 754 558 795 vilem;
574 753 647 790 nisi
665 753 868 804 Hymettia
881 755 996 793 mella
1009 755 1172 808 Falerno

118 818 183 857 Ne
201 819 344 856 biberis
360 818 497 856 diluta.
523 817 631 856 Foris
649 825 709 855 est
726 831 898 868 promus,
916 827 958 857 et
974 827 1102 857 atrum

117 883 346 922 Defendens
362 883 489 933 pisces
506 882 651 920 hiemat
670 895 799 926 mare;
818 897 906 921 cum
925 884 1006 922 sale
1022 885 1134 935 panis

117 947 346 1001 Lati-antem
356 948 598 986 stomachum
615 947 716 985 bene
733 947 867 986 leniet.
897 949 1026 996 Unde,
1043 958 1171 1000 putas,

118 1013 199 1054 Qui
215 1013 395 1063 partum?
427 1012 545 1050 Νοιι
534 1025 574 1048 ιιι
586 1024 676 1049 caro
691 1012 826 1051 nidore
835 1013 1013 1064 voluptas
1080 1016 1173 1064 [aut

120 1075 292 1121 Summa,
302 1076 400 1112 sed
390 1089 430 1112 ιιι
444 1083 484 1112 te
496 1076 552 1126 ips
537 1089 579 1113 ο
590 1084 662 1112 est.
682 1075 743 1113 Tu
757 1077 1014 1132 pulmentaria
1027 1091 1171 1128 quaere

120 1139 327 1181 Sudando:
352 1139 537 1192 pinguem
556 1140 673 1186 vitiis,
690 1140 913 1192 albumque,
936 1155 1011 1179 nec
1030 1150 1171 1189 ostrea,

118 1203 207 1244 Nec
223 1218 371 1252 scarus,
387 1212 456 1243 aut
472 1205 618 1256 poterit
635 1206 843 1256 peregrina
854 1209 992 1256 juvare
1011 1207 1145 1258 lagois.

117 1268 198 1308 Vix
214 1276 347 1328 Qen
362 1269 537 1321 eripiam,
555 1269 683 1320 posito
700 1283 866 1321 pavone,
884 1271 980 1308 velis
998 1271 1093 1323 quin

116 1333 211 1372 Hoc
226 1330 370 1386 potiuS,
388 1347 503 1386 quam
520 1334 678 1385 gallina,
697 1341 851 1385 tergere
868 1335 1055 1386 palatum,

117 1398 335 1450 Corruptus
351 1399 459 1437 vanis
476 1412 605 1436 rerum
620 1414 631 1442 ;
657 1399 749 1449 quia
765 1407 906 1437 veneat
923 1413 1018 1438 auro

117 1462 223 1501 Rara
233 1464 328 1510 avis,
339 1471 380 1502 et
390 1464 497 1515 picta
506 1464 651 1515 pandat
663 1463 890 1514 spectacula
900 1464 1036 1502 cauda:
1059 1465 1170 1515 Usta,

118 1526 321 1579 Tanquam
331 1529 381 1566 ad
392 1542 475 1567 rem
485 1529 651 1566 attineat
657 1528 879 1580 quidquam.
894 1529 997 1566 Num
1003 1530 1172 1568 vesceris

117 1591 245 1632 Quam
255 1591 388 1630 laudas
390 1593 549 1643 ,pluma?
564 1602 678 1631 cocto
689 1606 782 1631 num
793 1593 902 1631 adest
914 1593 1039 1631 honor
1050 1595 1169 1632 idem?

117 1654 245 1693 Carne
263 1662 407 1702 tamen,
420 1658 591 1707 quamvis
603 1658 721 1695 distat
735 1658 844 1704 nihil,
862 1658 938 1696 hac
957 1659 1079 1708 magis
1094 1658 1169 1696 illa:

116 1717 334 1769 Imparibus
350 1719 483 1757 formis
500 1721 707 1785 deceptum
726 1730 767 1759 te
784 1729 905 1773 patet.
933 1721 1041 1759 Esto.

118 1783 237 1821 Unde
254 1783 389 1822 datum
406 1785 541 1831 sentis,
559 1785 673 1836 lupus
691 1786 755 1823 hic
768 1786 987 1832 Tiberinus,
1006 1799 1054 1824 an
1072 1768 1153 1825 alto

117 1847 280 1898 Captus,
299 1848 411 1886 hiet?
438 1857 628 1900 pontesne
647 1850 749 1888 inter
760 1852 945 1901 jactatus,
969 1864 1019 1888 an
1035 1852 1160 1889 amuis

119 1910 232 1949 Ostia
248 1912 322 1950 sub
339 1912 484 1952 Tusci?
514 1914 713 1961 Laudas,
702 1928 850 1962 msane,
868 1915 1055 1953 trilibrem
1119 1953 1122 1955 ,

117 1974 342 2022 Mullum‚in
353 1977 626 2031 singulaquem
637 1980 788 2018 minuas
797 1980 997 2031 pulmenta
1008 1994 1169 2026 necesse

117 2038 241 2078 Ducit
258 2048 298 2078 te
315 2042 480 2092 species,
498 2043 624 2082 video.
651 2045 740 2086 Quo
750 2045 921 2095 pertinet
934 2058 1030 2096 ergo
1073 2047 1169 2094 [est.

118 2102 307 2142 Proceros
324 2106 450 2144 odisse
468 2107 606 2159 lupos?
636 2109 727 2160 quia
745 2109 894 2147 scilicet
913 2109 986 2147 illis

118 2166 309 2219 Major-em
325 2169 475 2211 Natura
487 2173 644 2211 modum
659 2173 781 2221 dedit,
795 2174 856 2214 his
869 2175 985 2213 breve
1003 2175 1168 2226 pondus.
