1378 2534
214 259 288 296 154
522 257 630 295 ARS
685 254 942 296 POETICA.
1123 271 1160 297 v.
1177 260 1256 298 244

213 367 325 406 Silvis
345 367 503 405 deducti
522 375 699 414 caveant,
719 380 781 405 me
795 368 943 419 judice,
961 366 1098 415 Fauni,

212 432 287 479 Ne,
306 433 413 471 velut
432 433 552 471 innati
571 432 707 479 triviis,
735 445 782 471 ac
800 446 901 485 pene
918 433 1107 480 forenses,

209 498 293 535 Aut
308 497 468 535 nimium
482 497 627 536 teneris
636 499 874 547 juvenentur
887 498 1061 536 versibus
1080 510 1266 551 unquam,

208 563 293 601 Aut
311 562 510 600 immunda
529 569 690 613 crepent
709 561 1040 614 ignominiosaque
1060 562 1188 601 dicta:

206 626 469 666 offenduntur
486 627 605 674 enim,
625 627 764 679 quibus
783 633 841 666 est
860 640 997 681 equuS,
1016 634 1057 666 et
1074 635 1200 679 pater,
1225 633 1266 666 et

412 705 491 736 res;

204 755 307 803 Nec,
336 757 367 794 si
388 757 480 808 quid
498 756 604 795 fricti
624 757 760 796 ciceris
779 757 918 809 probat
937 763 977 795 et
994 756 1106 795 nucis
1124 763 1264 804 emtor,

204 822 356 873 Aequis
375 821 574 872 accipiunt
592 822 744 868 animis,
764 823 959 860 donantve
979 833 1135 860 corona.

204 887 361 938 Syllaba
378 887 495 938 longa
512 887 619 925 brevi
638 888 814 938 subjecta
831 894 994 927 vocatur
1011 887 1174 934 iambus,

202 951 278 990 Pes
297 953 397 990 citus
415 968 423 996 3
442 952 545 990 unde
559 952 676 990 etiam
692 951 894 990 Trimetris
909 964 1137 990 accrescere
1147 952 1263 1003 jussit

201 1016 356 1055 Nomen
376 1016 549 1064 iambeYs,
579 1030 667 1055 cum
687 1029 801 1055 senos
819 1016 1003 1055 redderet
1020 1016 1122 1055 ictus

200 1081 304 1119 Prim
311 1094 353 1119 us
372 1081 422 1119 ad
441 1089 659 1119 extremum
674 1081 808 1119 similis
821 1080 912 1119 sibi:
931 1094 1010 1120 non
1025 1081 1081 1119 ita
1092 1080 1257 1134 pridem,

200 1147 364 1185 Tardior
384 1154 427 1184 ut
445 1147 576 1198 paullo
594 1146 825 1198 graviorque
844 1146 995 1184 veniret
1012 1145 1062 1184 ad
1080 1157 1208 1193 aures,

199 1213 402 1264 Spondeos
420 1212 575 1250 stabiles
594 1211 633 1249 in
647 1213 736 1262 jura
753 1218 916 1263 paterna
941 1210 1103 1262 recepit,

197 1278 435 1317 Commodus
454 1284 494 1315 et
512 1277 688 1328 patiens;
715 1290 793 1314 non
813 1283 857 1314 ut
874 1276 924 1313 de
943 1275 1036 1314 sede
1061 1275 1233 1314 secunda

197 1344 381 1388 (lederet,
400 1349 467 1380 aut
486 1349 636 1393 quarta,
657 1341 862 1379 socialiter.
890 1340 970 1378 Hic
985 1347 1026 1378 et
1043 1339 1083 1378 in
1102 1339 1206 1379 Acci

196 1408 403 1446 Nobilibus
421 1407 604 1444 trimetris
622 1413 783 1457 apparet
800 1417 922 1450 rarus,
938 1411 978 1442 et
998 1403 1114 1442 Enni.

193 1472 240 1509 In
260 1485 416 1513 scenam
435 1471 572 1509 missus
592 1483 734 1521 magno
755 1483 844 1508 cum
862 1467 1036 1521 pondere
1053 1481 1203 1515 versus,

191 1538 277 1575 Aut
296 1549 437 1588 operae
457 1535 595 1574 celeris
613 1535 773 1573 nimium
794 1546 964 1585 curaque
984 1533 1165 1580 carentis,

191 1604 276 1641 Aut
295 1602 495 1653 ignoratae
515 1599 655 1651 premit
673 1598 766 1637 artis
786 1598 948 1636 crimine
966 1597 1085 1650 turpi.

189 1667 281 1706 Non
301 1666 424 1718 quivis
443 1665 549 1703 videt
568 1663 821 1702 immodulata
838 1664 1019 1714 poemata
1031 1661 1182 1712 judex:

192 1731 244 1769 Et
264 1731 354 1768 data
375 1729 559 1768 Romanis
577 1729 690 1767 venia
709 1736 769 1768 est
789 1728 948 1779 indigna
965 1726 1105 1778 poe'tis.

189 1797 396 1834 Idcircone
414 1808 548 1846 vager,
569 1793 813 1844 scribamque
831 1792 997 1831 licenter
1012 1807 1022 1837 ς
1039 1798 1083 1829 ut
1101 1803 1235 1829 omnes

189 1861 349 1897 Visuros
368 1866 533 1911 peccata
551 1865 687 1910 putem
707 1870 807 1904 mea,
836 1859 957 1902 tutu'S,
986 1862 1027 1894 et
1044 1856 1147 1893 intra

186 1925 302 1976 Spem
322 1924 458 1961 veniae
479 1924 642 1961 cautus?
663 1922 780 1960 vitavi
799 1920 968 1972 denique
988 1919 1156 1971 culpam,

186 1991 275 2029 Non
295 1989 449 2027 laudem
470 1988 606 2026 merui.
634 1987 715 2025 Vos
735 1985 971 2036 exemplaria
991 1984 1146 2023 Graeca

186 2057 391 2094 Nocturna
411 2060 561 2091 versate
580 2064 711 2098 manu,
730 2057 882 2088 versate
902 2049 1052 2088 diurna.

186 2121 240 2158 At
261 2118 376 2156 vestri
397 2117 528 2168 proavi
551 2116 749 2154 Plautinos
769 2122 809 2153 et
827 2126 1008 2152 numeros
1027 2121 1068 2152 et

186 2183 414 2221 Laudavere
433 2181 556 2226 sales3
585 2180 746 2218 nimium
765 2179 960 2231 patienter
979 2186 1200 2231 utrumque,
