1378 2534
180 223 254 264 168
584 222 854 264 NOTULAE

462 312 509 340 IN
539 313 624 340 LIB.
654 315 683 340 1.
711 315 964 343 SERMONUM.

236 397 312 437 111.
329 401 394 439 60.
431 397 508 438 Pro
527 406 705 447 versetur,
720 414 809 439 cum
824 400 1005 440 Bentleio
1018 414 1068 440 ex
1081 396 1239 442 veterri·

180 477 246 502 mo
265 463 353 502 cod.
372 463 579 502 Blandinio
598 464 776 503 dedimus
802 478 999 505 versemur.

231 533 294 568 65.
349 528 427 568 Pro
457 528 637 582 impellat,
662 530 874 582 ·Cuningh.
914 534 1017 583 conj.
1046 532 1234 586 offella,-

178 593 309 634 Bentl.
327 594 516 647 impediat.

231 660 297 700 74.
351 659 433 697 Alii
451 659 631 712 ignoscat.
685 660 776 699 Vid.
795 660 924 700 Bentl.

231 727 295 764 86.
359 725 573 763 Drusonem
592 725 720 764 Aldus
739 726 895 765 demum
919 727 1112 766 invexisse
1129 727 1236 767 vide-

179 798 256 829 tur.
309 789 442 828 Gnsn.

233 857 320 894 1⁶28.
378 854 456 893 Pro
486 869 571 907 quo,
611 855 814 895 Bentleius
845 855 916 908 qui*
942 869 995 894 ex
1028 857 1234 896 Blandinio

178 920 354 972 Cruqufi,
382 927 423 958 et
441 920 528 959 cod.
549 920 647 959 Coll.
667 920 867 959 Trinitatis
881 920 943 966 ;,i.
961 934 997 960 e.
1023 922 1234 974 quomodo,

177 999 254 1038 qua
273 985 436 1032 ratione,
465 993 507 1023 ut
526 984 678 1037 quidum
698 985 803 1036 apud
821 985 1016 1025 Comicos.

228 1053 317 1089 140.
371 1050 452 1088 Alii
463 1064 678 1102 peccavero.

226 1115 299 1153 lv.
352 1115 429 1153 Pro
461 1115 624 1161 minimo,
653 1115 783 1154 Bentl.
801 1117 905 1167 conj.
936 1130 1096 1164 nummo,
1123 1117 1232 1169 inge-

174 1180 297 1219 niose.
334 1180 413 1218 vid.
442 1179 563 1218 Gesn.

226 1248 291 1285 25.
344 1244 457 1297 Elige
475 1245 564 1283 edd.
581 1253 672 1284 ante
692 1246 785 1284 Ald.
804 1259 893 1285 erue
909 1245 1001 1286 inde
1032 1247 1080 1285 ab
1114 1246 1231 1286 Aldo.

171 1309 376 1350 Bentleius
395 1310 555 1361 conjicit
573 1311 712 1363 arripe.

222 1379 285 1415 39.
352 1375 487 1412 Acron
519 1375 745 1414 scholiastes
776 1375 873 1427 legit
901 1374 1066 1414 dederim
1096 1375 1227 1427 quibus

167 1455 249 1479 esse
266 1452 439 1484 POET153
467 1452 566 1491 quae
584 1436 732 1478 locutio
759 1439 928 1478 Horatio
955 1452 1143 1492 perquam
1171 1440 1228 1479 fa-

169 1504 340 1544 miliaris.
394 1505 450 1542 At
469 1503 557 1541 libri
576 1503 709 1555 scripti
720 1510 866 1556 poetas.

221 1571 285 1611 73.
338 1569 419 1607 Nec
439 1568 551 1607 recito
570 1569 726 1606 codices
745 1569 827 1607 fere
846 1582 993 1608 omneS.
1046 1569 1228 1616 Lambini

170 1635 319 1687 aliquot
337 1648 410 1672 non
434 1633 595 1672 recitem.
663 1633 865 1672 Bentleius
893 1634 1003 1673 dedit
1033 1635 1227 1688 quicquam

169 1714 221 1739 ex
240 1713 317 1738 uno
338 1698 426 1737 MS.
447 1687 763 1749 cui-suffragatur
784 1698 877 1737 Sax.
895 1699 985 1738 coll.
1038 1700 1121 1738 Alii
1147 1701 1227 1739 cui-

168 1779 290 1818 quam.

219 1831 283 1871 87.
337 1828 414 1866 Pro
443 1834 541 1876 avet,
570 1828 656 1867 cod.
689 1835 766 1867 vet.
798 1828 1029 1868 Blandinius
1061 1829 1225 1882 Cruquii

167 1900 278 1940 amet,
305 1893 329 1931 i.
349 1907 384 1931 e.
404 1893 539 1932 soleat.
1204 1881 1211 1887 ⁸

221 1961 308 1998 109.
371 1958 421 1997 Ut
453 1957 517 2009 qm·
545 1958 668 1996 Panis
696 1958 816 2011 inops,
856 1957 919 1996 vel
950 1958 1087 1997 Farris
1117 1958 1223 2011 inops

168 2024 269 2074 conj.
289 2022 417 2060 Bentl.
472 2022 524 2060 Et
544 2023 696 2061 videtur
725 2021 848 2061 Panis
866 2035 889 2060 a
906 2022 1030 2074 prima
1047 2035 1164 2061 manu
1182 2024 1223 2061 in

168 2087 259 2125 MS.
279 2086 458 2138 Gotting.
512 2087 652 2126 Barris
670 2088 789 2126 habet
807 2086 869 2126 ed.
887 2087 988 2139 prin.
1038 2087 1170 2126 GssN.

222 2155 307 2191 140.
362 2151 440 2191 Pro
458 2151 566 2200 nolis,
595 2152 796 2193 Bentleius
810 2151 1007 2206 rescripsit
1026 2150 1139 2199 noles,
1156 2164 1223 2199 ne,
