1378 2534
211 244 285 284 196
605 244 873 286 NOTULAE

485 334 532 360 IN
560 333 646 361 LIB.
673 336 722 363 11.
749 336 1002 364 sssRMONUM.

214 433 256 458 se
274 419 452 471 probavit
468 435 478 464 ;
504 420 697 471 posterius
717 420 883 460 Heinsio
903 429 943 460 et
958 421 1150 461 Bentleio.
1177 422 1270 462 vid.

215 485 344 524 Bentl.
363 492 403 523 et
422 484 544 523 Gesn.

267 550 338 588 IV.
351 553 416 588 41.
435 554 461 574 “
477 544 642 589 Veteres
660 551 815 602 quidem
834 551 1023 591 editiones
1037 566 1125 591 cum
1143 553 1269 592 multo

216 620 243 640 “
258 617 404 666 majore
416 622 527 667 parte
547 614 727 653 codicum
745 622 897 654 curvat.-
917 623 1053 668 postea
1069 617 1152 656 fere
1170 618 1270 657 obti-

216 684 244 704 “
258 679 342 718 nuit
356 679 478 718 altera
487 679 605 718 lectio
619 685 756 727 curvet,
777 693 891 732 quam
905 681 1154 734 suppeditant
1172 682 1270 722 Tor-

215 749 244 768 “
259 743 372 782 rentii
402 744 491 781 libri
509 744 671 796 aliquot,
699 758 798 783 unus
827 744 1046 794 Pulmanni‚
1075 753 1115 786 et
1143 747 1270 785 codex

216 814 244 833 “
260 808 360 847 Coll.
375 808 587 847 Trinitatis.
626 810 822 848 Utramvis
835 817 921 849 tuto
932 811 1042 863 sequi
1055 811 1219 863 poteris:
1237 811 1271 850 si

215 879 243 897 “
256 879 394 920 curvet,
409 873 483 910 erit
496 887 573 912 vox
588 875 861 926 praecipientis
876 875 969 927 quid
986 875 1069 915 fieri
1088 883 1241 928 oportet
1257 892 1269 921 ;

213 943 242 963 “
256 938 286 977 si
294 944 439 986 curvat,
446 938 519 977 erit
525 939 775 989 approbantis
783 940 887 991 quod
898 948 1005 979 recte
1011 940 1098 980 fit.”
1107 941 1271 982 Banu..

263 1006 327 1042 44.
381 1002 459 1041 Pro
459 1003 641 1054 ficundi,
665 1016 717 1041 ex
737 1004 899 1056 Cruquii
914 1004 1030 1044 codd.
1043 1005 1264 1055 Blandinio,

210 1068 382 1107 omnium
411 1068 574 1120 optime,
601 1077 644 1107 et
662 1068 859 1116 Tonsano,
887 1069 1087 1108 Bentleius
1103 1077 1147 1109 et
1164 1070 1270 1109 Bax-

211 1133 516 1185 terusficundae
534 1132 753 1172 ediderunt.
798 1133 1032 1182 Priscianus,
1050 1149 1090 1187 p.
1100 1137 1192 1183 658,
1209 1135 1271 1176 laic

209 1203 247 1238 et
263 1198 353 1236 Izaec
370 1196 472 1250 lepus
490 1197 568 1236 dici
586 1205 789 1236 memorat.

261 1266 326 1302 51.
380 1262 457 1301 Pro
474 1263 580 1314 vulg.
598 1276 798 1316 supponas,
825 1262 938 1302 multi
961 1264 1076 1303 codd.
1094 1271 1135 1303 et
1166 1264 1266 1305 duae

207 1327 299 1367 edd.
316 1334 412 1365 vett.
430 1341 622 1380 suppones.

258 1395 323 1430 61.
352 1397 378 1416 “
392 1392 514 1430 Potor
511 1391 676 1444 flagitat
689 1392 728 1430 in
743 1406 886 1431 morsus
899 1393 1015 1445 rffici,
1027 1400 1072 1432 ut
1084 1394 1267 1434 dentibus

209 1461 237 1481 “
257 1456 387 1494 denuo
402 1469 538 1508 operas
551 1457 728 1508 imperet.
755 1456 963 1507 Ingeniose
978 1457 1178 1497 Bentleius
1191 1465 1266 1498 sto-

206 1527 235 1547 “
254 1522 401 1560 machus
430 1521 700 1574 rcficz‘flagitat
718 1521 923 1568 immorsus,
949 1522 1041 1560 dum
1059 1522 1267 1563 immorde-

208 1591 235 1611 “
254 1595 331 1633 tur,
339 1585 808 1632 admordetur‚vellicatur
820 1599 843 1624 a
855 1586 950 1624 cibis
962 1586 1265 1627 salitis-”GESN.

257 1651 353 1690 Duo
372 1664 423 1690 ex
443 1651 557 1694 codd.
577 1650 731 1697 mavult,
758 1664 828 1702 pro
846 1650 964 1690 malit.

254 1719 319 1755 66.
373 1716 454 1753 Alii
468 1715 631 1768 pulruit.
684 1715 824 1754 Putuit
841 1723 1015 1767 praestat
1032 1723 1117 1756 tum
1134 1731 1266 1768 sensu,

202 1787 284 1819 tum
304 1781 551 1819 auctoritate.
1229 1818 1238 1825 ,

253 1847 317 1886 79.
372 1845 491 1896 Vulg.
509 1851 652 1884 movent
667 1861 682 1884 .·
715 1852 756 1884 at
785 1851 902 1885 movet
931 1846 1070 1885 melius
1099 1853 1260 1886 tuentur

203 1910 293 1948 libri
311 1909 458 1960 scripti.

252 1975 317 2013 87.
373 1973 473 2011 Edd.
493 1973 644 2024 priscae
663 1980 859 2026 nequeunt.

232 2029 234 2031 ι
251 2041 315 2077 89.
370 2038 566 2089 Cuningh.
585 2052 860 2090 quamcumque.

250 2106 314 2142 90.
368 2101 445 2140 Pro
473 2105 618 2153 referas
649 2102 812 2149 memori,
840 2102 969 2141 Bentl.
999 2116 1049 2141 ex
1082 2103 1259 2143 omnibus

198 2174 279 2205 tam
300 2166 526 2204 Bersmanni
546 2166 659 2206 codd.
680 2179 794 2220 quam
812 2167 906 2215 suis,
933 2167 1010 2206 alio
1028 2167 1165 2207 ordine
1182 2181 1257 2207 me·

209 2245 302 2270 mon
315 2232 469 2283 referas.
