<?xml version="1.0" encoding="UTF-8"?>
<!DOCTYPE html PUBLIC "-//W3C//DTD XHTML 1.0 Transitional//EN"
    "http://www.w3.org/TR/xhtml1/DTD/xhtml1-transitional.dtd">
<html xmlns="http://www.w3.org/1999/xhtml" xml:lang="en" lang="en">
 <head>
  <title>
</title>
<meta http-equiv="Content-Type" content="text/html;charset=utf-8" />
  <meta name='ocr-system' content='tesseract 3.04.00' />
  <meta name='ocr-capabilities' content='ocr_page ocr_carea ocr_par ocr_line ocrx_word'/>
</head>
<body>
  <div class='ocr_page' id='page_1' title='image "./operahunt02horauoft_0111.png"; bbox 0 0 1378 2534; ppageno 0'>
   <div class='ocr_carea' id='block_1_1' title="bbox 105 244 1150 287">
    <p class='ocr_par' dir='ltr' id='par_1_1' title="bbox 105 244 1150 287">
     <span class='ocr_line' id='line_1_1' title="bbox 105 244 1150 287; baseline 0 -2"><span class='ocrx_word' id='word_1_1' title='bbox 105 256 144 286; x_wconf 73' lang='lat' dir='ltr'><strong>v.</strong></span> <span class='ocrx_word' id='word_1_2' title='bbox 156 249 199 287; x_wconf 73' lang='lat'><strong>1.</strong></span> <span class='ocrx_word' id='word_1_3' title='bbox 307 244 707 286; x_wconf 79' lang='lat' dir='ltr'><strong>EPISTOLARUM</strong></span> <span class='ocrx_word' id='word_1_4' title='bbox 756 245 791 283; x_wconf 90' lang='lat'><strong>1.</strong></span> <span class='ocrx_word' id='word_1_5' title='bbox 842 245 898 284; x_wconf 83' lang='lat' dir='ltr'><strong>ix.</strong></span> <span class='ocrx_word' id='word_1_6' title='bbox 1080 247 1150 285; x_wconf 85' lang='lat'><strong>101</strong></span> 
     </span>
    </p>
   </div>
   <div class='ocr_carea' id='block_1_2' title="bbox 480 455 776 498">
    <p class='ocr_par' dir='ltr' id='par_1_2' title="bbox 480 455 776 498">
     <span class='ocr_line' id='line_1_2' title="bbox 480 455 776 498; baseline 0 -1"><span class='ocrx_word' id='word_1_7' title='bbox 480 455 651 498; x_wconf 84' lang='lat' dir='ltr'><strong>EPIST.</strong></span> <span class='ocrx_word' id='word_1_8' title='bbox 705 458 776 497; x_wconf 85' lang='lat' dir='ltr'><strong>IX.</strong></span> 
     </span>
    </p>
   </div>
   <div class='ocr_carea' id='block_1_3' title="bbox 352 581 915 610">
    <p class='ocr_par' dir='ltr' id='par_1_3' title="bbox 352 581 915 610">
     <span class='ocr_line' id='line_1_3' title="bbox 352 581 915 610; baseline -0.004 0"><span class='ocrx_word' id='word_1_9' title='bbox 352 583 413 610; x_wconf 75' lang='lat' dir='ltr'><strong>AD</strong></span> <span class='ocrx_word' id='word_1_10' title='bbox 440 583 668 610; x_wconf 68' lang='lat' dir='ltr'><strong>eLAtrmuM</strong></span> <span class='ocrx_word' id='word_1_11' title='bbox 697 581 915 609; x_wconf 70' lang='lat' dir='ltr'><strong>NBRONEM.</strong></span> 
     </span>
    </p>
   </div>
   <div class='ocr_carea' id='block_1_4' title="bbox 103 674 1153 1560">
    <p class='ocr_par' dir='ltr' id='par_1_4' title="bbox 103 674 1153 1560">
     <span class='ocr_line' id='line_1_4' title="bbox 107 674 1057 725; baseline -0.003 -11"><span class='ocrx_word' id='word_1_12' title='bbox 107 674 338 722; x_wconf 67' lang='lat' dir='ltr'><strong>Sum-nam,</strong></span> <span class='ocrx_word' id='word_1_13' title='bbox 365 675 519 720; x_wconf 74' lang='lat' dir='ltr'><strong>Claudi,</strong></span> <span class='ocrx_word' id='word_1_14' title='bbox 545 674 724 712; x_wconf 87' lang='lat' dir='ltr'><strong>nimirum</strong></span> <span class='ocrx_word' id='word_1_15' title='bbox 743 674 926 725; x_wconf 83' lang='lat' dir='ltr'><strong>intelligit</strong></span> <span class='ocrx_word' id='word_1_16' title='bbox 943 686 1057 719; x_wconf 71' lang='lat' dir='ltr'><strong>unuS,</strong></span> 
     </span>
     <span class='ocr_line' id='line_1_5' title="bbox 105 737 1153 789; baseline -0.003 -10"><span class='ocrx_word' id='word_1_17' title='bbox 105 741 250 783; x_wconf 79' lang='lat' dir='ltr'><strong>Quanti</strong></span> <span class='ocrx_word' id='word_1_18' title='bbox 264 753 327 778; x_wconf 89' lang='lat' dir='ltr'><strong>me</strong></span> <span class='ocrx_word' id='word_1_19' title='bbox 336 740 477 778; x_wconf 82' lang='lat' dir='ltr'><strong>facias:</strong></span> <span class='ocrx_word' id='word_1_20' title='bbox 496 752 599 785; x_wconf 86' lang='lat' dir='ltr'><strong>nam,</strong></span> <span class='ocrx_word' id='word_1_21' title='bbox 618 751 706 776; x_wconf 89' lang='lat' dir='ltr'><strong>cum</strong></span> <span class='ocrx_word' id='word_1_22' title='bbox 721 746 846 789; x_wconf 82' lang='lat' dir='ltr'><strong>rogat,</strong></span> <span class='ocrx_word' id='word_1_23' title='bbox 863 746 903 776; x_wconf 83' lang='lat' dir='ltr'><strong>et</strong></span> <span class='ocrx_word' id='word_1_24' title='bbox 917 750 1036 789; x_wconf 82' lang='lat' dir='ltr'><strong>prece</strong></span> <span class='ocrx_word' id='word_1_25' title='bbox 1046 737 1153 789; x_wconf 80' lang='lat' dir='ltr'><strong>cogit</strong></span> 
     </span>
     <span class='ocr_line' id='line_1_6' title="bbox 106 802 1049 850; baseline -0.001 -7"><span class='ocrx_word' id='word_1_26' title='bbox 106 804 283 850; x_wconf 76' lang='lat' dir='ltr'>Scilicet,</span> <span class='ocrx_word' id='word_1_27' title='bbox 300 812 345 842; x_wconf 88' lang='lat' dir='ltr'><strong>ut</strong></span> <span class='ocrx_word' id='word_1_28' title='bbox 360 803 431 841; x_wconf 84' lang='lat' dir='ltr'><strong>tibi</strong></span> <span class='ocrx_word' id='word_1_29' title='bbox 448 815 491 841; x_wconf 82' lang='lat' dir='ltr'><strong>se</strong></span> <span class='ocrx_word' id='word_1_30' title='bbox 508 802 667 840; x_wconf 85' lang='lat' dir='ltr'><strong>laudare</strong></span> <span class='ocrx_word' id='word_1_31' title='bbox 685 810 727 840; x_wconf 84' lang='lat' dir='ltr'><strong>et</strong></span> <span class='ocrx_word' id='word_1_32' title='bbox 743 802 898 840; x_wconf 86' lang='lat' dir='ltr'><strong>tradere</strong></span> <span class='ocrx_word' id='word_1_33' title='bbox 916 815 1049 850; x_wconf 89' lang='lat' dir='ltr'><strong>coner,</strong></span> 
     </span>
     <span class='ocr_line' id='line_1_7' title="bbox 104 859 1153 919; baseline -0.001 -13"><span class='ocrx_word' id='word_1_34' title='bbox 104 859 280 919; x_wconf 81' lang='lat' dir='ltr'><strong>Dignum</strong></span> <span class='ocrx_word' id='word_1_35' title='bbox 286 874 418 906; x_wconf 86' lang='lat' dir='ltr'><strong>mente</strong></span> <span class='ocrx_word' id='word_1_36' title='bbox 424 867 616 918; x_wconf 87' lang='lat' dir='ltr'><strong>domoque</strong></span> <span class='ocrx_word' id='word_1_37' title='bbox 627 866 793 918; x_wconf 78' lang='lat' dir='ltr'><strong>legentis</strong></span> <span class='ocrx_word' id='word_1_38' title='bbox 803 866 967 905; x_wconf 83' lang='lat' dir='ltr'><strong>honesta</strong></span> <span class='ocrx_word' id='word_1_39' title='bbox 973 867 1153 912; x_wconf 54' lang='lat' dir='ltr'><strong>Neroni&amp;</strong></span> 
     </span>
     <span class='ocr_line' id='line_1_8' title="bbox 104 930 1020 983; baseline -0.003 -12"><span class='ocrx_word' id='word_1_40' title='bbox 104 931 276 971; x_wconf 84' lang='lat' dir='ltr'><strong>Munere</strong></span> <span class='ocrx_word' id='word_1_41' title='bbox 292 945 382 971; x_wconf 88' lang='lat' dir='ltr'><strong>cum</strong></span> <span class='ocrx_word' id='word_1_42' title='bbox 398 931 508 983; x_wconf 81' lang='lat' dir='ltr'><strong>fungi</strong></span> <span class='ocrx_word' id='word_1_43' title='bbox 525 931 715 983; x_wconf 85' lang='lat' dir='ltr'><strong>propioris</strong></span> <span class='ocrx_word' id='word_1_44' title='bbox 733 938 866 969; x_wconf 82' lang='lat' dir='ltr'><strong>censet</strong></span> <span class='ocrx_word' id='word_1_45' title='bbox 884 930 998 970; x_wconf 85' lang='lat' dir='ltr'><strong>amici</strong></span> <span class='ocrx_word' id='word_1_46' title='bbox 1008 945 1020 968; x_wconf 71' lang='grc' dir='ltr'><strong><em>ε</em></strong></span> 
     </span>
     <span class='ocr_line' id='line_1_9' title="bbox 104 995 1066 1048; baseline -0.002 -13"><span class='ocrx_word' id='word_1_47' title='bbox 104 997 212 1040; x_wconf 79' lang='lat' dir='ltr'><strong>Quid</strong></span> <span class='ocrx_word' id='word_1_48' title='bbox 228 996 384 1048; x_wconf 82' lang='lat' dir='ltr'><strong>possim,</strong></span> <span class='ocrx_word' id='word_1_49' title='bbox 410 996 517 1034; x_wconf 83' lang='lat' dir='ltr'><strong>videt</strong></span> <span class='ocrx_word' id='word_1_50' title='bbox 533 1008 579 1033; x_wconf 89' lang='lat' dir='ltr'><strong>ac</strong></span> <span class='ocrx_word' id='word_1_51' title='bbox 597 995 706 1033; x_wconf 84' lang='lat' dir='ltr'><strong>novit</strong></span> <span class='ocrx_word' id='word_1_52' title='bbox 722 1008 785 1032; x_wconf 86' lang='lat' dir='ltr'><strong>me</strong></span> <span class='ocrx_word' id='word_1_53' title='bbox 803 995 953 1034; x_wconf 76' lang='lat' dir='ltr'><strong>valdius</strong></span> <span class='ocrx_word' id='word_1_54' title='bbox 968 995 1066 1047; x_wconf 86' lang='lat' dir='ltr'><strong>ipso.</strong></span> 
     </span>
     <span class='ocr_line' id='line_1_10' title="bbox 105 1059 1026 1111; baseline -0.001 -13"><span class='ocrx_word' id='word_1_55' title='bbox 105 1059 236 1098; x_wconf 75' lang='lat' dir='ltr'><strong>Multa</strong></span> <span class='ocrx_word' id='word_1_56' title='bbox 252 1059 410 1111; x_wconf 88' lang='lat' dir='ltr'><strong>quidem</strong></span> <span class='ocrx_word' id='word_1_57' title='bbox 427 1059 524 1104; x_wconf 80' lang='lat' dir='ltr'><strong>dixi,</strong></span> <span class='ocrx_word' id='word_1_58' title='bbox 542 1072 613 1096; x_wconf 90' lang='lat' dir='ltr'><strong>cur</strong></span> <span class='ocrx_word' id='word_1_59' title='bbox 630 1066 839 1097; x_wconf 86' lang='lat' dir='ltr'><strong>excusatus</strong></span> <span class='ocrx_word' id='word_1_60' title='bbox 856 1059 1003 1097; x_wconf 82' lang='lat' dir='ltr'><strong>abirem</strong></span> <span class='ocrx_word' id='word_1_61' title='bbox 1014 1073 1026 1096; x_wconf 69' lang='grc' dir='ltr'>ε</span> 
     </span>
     <span class='ocr_line' id='line_1_11' title="bbox 105 1122 1039 1173; baseline -0.001 -11"><span class='ocrx_word' id='word_1_62' title='bbox 105 1123 187 1162; x_wconf 85' lang='lat' dir='ltr'><strong>Sed</strong></span> <span class='ocrx_word' id='word_1_63' title='bbox 202 1123 328 1169; x_wconf 76' lang='lat' dir='ltr'><strong>timui,</strong></span> <span class='ocrx_word' id='word_1_64' title='bbox 354 1135 442 1161; x_wconf 84' lang='lat' dir='ltr'><strong>mea</strong></span> <span class='ocrx_word' id='word_1_65' title='bbox 458 1135 507 1160; x_wconf 90' lang='lat' dir='ltr'><strong>ne</strong></span> <span class='ocrx_word' id='word_1_66' title='bbox 525 1122 682 1160; x_wconf 84' lang='lat' dir='ltr'><strong>finxisse</strong></span> <span class='ocrx_word' id='word_1_67' title='bbox 701 1122 850 1160; x_wconf 88' lang='lat' dir='ltr'><strong>minora</strong></span> <span class='ocrx_word' id='word_1_68' title='bbox 866 1130 1039 1173; x_wconf 80' lang='lat' dir='ltr'><strong>putarer,</strong></span> 
     </span>
     <span class='ocr_line' id='line_1_12' title="bbox 103 1186 1150 1238; baseline 0 -12"><span class='ocrx_word' id='word_1_69' title='bbox 103 1187 379 1226; x_wconf 68' lang='lat' dir='ltr'><strong>Dissimulator</strong></span> <span class='ocrx_word' id='word_1_70' title='bbox 394 1187 478 1238; x_wconf 82' lang='lat' dir='ltr'><strong>opis</strong></span> <span class='ocrx_word' id='word_1_71' title='bbox 495 1186 689 1237; x_wconf 86' lang='lat' dir='ltr'><strong>propriae,</strong></span> <span class='ocrx_word' id='word_1_72' title='bbox 715 1186 809 1223; x_wconf 86' lang='lat' dir='ltr'><strong>mihi</strong></span> <span class='ocrx_word' id='word_1_73' title='bbox 829 1187 1054 1226; x_wconf 85' lang='lat' dir='ltr'><strong>commodus</strong></span> <span class='ocrx_word' id='word_1_74' title='bbox 1071 1187 1150 1226; x_wconf 78' lang='lat' dir='ltr'><strong>uni.</strong></span> 
     </span>
     <span class='ocr_line' id='line_1_13' title="bbox 106 1250 1020 1303; baseline -0.002 -13"><span class='ocrx_word' id='word_1_75' title='bbox 106 1251 174 1291; x_wconf 84' lang='lat' dir='ltr'><strong>Sic</strong></span> <span class='ocrx_word' id='word_1_76' title='bbox 190 1265 280 1303; x_wconf 86' lang='lat' dir='ltr'><strong>ego,</strong></span> <span class='ocrx_word' id='word_1_77' title='bbox 298 1252 455 1302; x_wconf 86' lang='lat' dir='ltr'><strong>majoris</strong></span> <span class='ocrx_word' id='word_1_78' title='bbox 471 1251 625 1302; x_wconf 82' lang='lat' dir='ltr'><strong>fugiens</strong></span> <span class='ocrx_word' id='word_1_79' title='bbox 643 1250 849 1302; x_wconf 86' lang='lat' dir='ltr'><strong>opprobria</strong></span> <span class='ocrx_word' id='word_1_80' title='bbox 867 1251 1020 1302; x_wconf 83' lang='lat' dir='ltr'><strong>culpae,</strong></span> 
     </span>
     <span class='ocr_line' id='line_1_14' title="bbox 104 1314 1106 1366; baseline -0.001 -12"><span class='ocrx_word' id='word_1_81' title='bbox 104 1315 258 1355; x_wconf 79' lang='lat' dir='ltr'><strong>Frontis</strong></span> <span class='ocrx_word' id='word_1_82' title='bbox 274 1314 325 1354; x_wconf 86' lang='lat' dir='ltr'><strong>ad</strong></span> <span class='ocrx_word' id='word_1_83' title='bbox 341 1315 510 1354; x_wconf 83' lang='lat' dir='ltr'><strong>urbanae</strong></span> <span class='ocrx_word' id='word_1_84' title='bbox 528 1314 712 1353; x_wconf 84' lang='lat' dir='ltr'><strong>descendi</strong></span> <span class='ocrx_word' id='word_1_85' title='bbox 730 1316 912 1366; x_wconf 83' lang='lat' dir='ltr'><strong>praemia.</strong></span> <span class='ocrx_word' id='word_1_86' title='bbox 939 1315 1056 1358; x_wconf 83' lang='lat' dir='ltr'><strong>Quod</strong></span> <span class='ocrx_word' id='word_1_87' title='bbox 1072 1315 1106 1353; x_wconf 78' lang='lat' dir='ltr'><strong>si</strong></span> 
     </span>
     <span class='ocr_line' id='line_1_15' title="bbox 103 1379 1023 1432; baseline -0.002 -13"><span class='ocrx_word' id='word_1_88' title='bbox 103 1380 335 1432; x_wconf 85' lang='lat' dir='ltr'><strong>Depositum</strong></span> <span class='ocrx_word' id='word_1_89' title='bbox 351 1379 485 1418; x_wconf 83' lang='lat' dir='ltr'><strong>laudas</strong></span> <span class='ocrx_word' id='word_1_90' title='bbox 502 1380 553 1417; x_wconf 90' lang='lat' dir='ltr'><strong>ob</strong></span> <span class='ocrx_word' id='word_1_91' title='bbox 571 1379 685 1418; x_wconf 88' lang='lat' dir='ltr'><strong>amici</strong></span> <span class='ocrx_word' id='word_1_92' title='bbox 697 1382 805 1430; x_wconf 80' lang='lat' dir='ltr'><strong>jussa</strong></span> <span class='ocrx_word' id='word_1_93' title='bbox 822 1379 1023 1431; x_wconf 87' lang='lat' dir='ltr'><strong>pudorem,</strong></span> 
     </span>
     <span class='ocr_line' id='line_1_16' title="bbox 105 1442 1152 1494; baseline -0.002 -11"><span class='ocrx_word' id='word_1_94' title='bbox 105 1444 240 1483; x_wconf 78' lang='lat' dir='ltr'><strong>Scribe</strong></span> <span class='ocrx_word' id='word_1_95' title='bbox 258 1443 316 1482; x_wconf 85' lang='lat' dir='ltr'><strong>tui</strong></span> <span class='ocrx_word' id='word_1_96' title='bbox 333 1442 464 1494; x_wconf 86' lang='lat' dir='ltr'><strong>gregis</strong></span> <span class='ocrx_word' id='word_1_97' title='bbox 480 1443 600 1489; x_wconf 91' lang='lat' dir='ltr'><strong>hunc,</strong></span> <span class='ocrx_word' id='word_1_98' title='bbox 618 1450 660 1480; x_wconf 82' lang='lat' dir='ltr'><strong>et</strong></span> <span class='ocrx_word' id='word_1_99' title='bbox 676 1443 816 1482; x_wconf 83' lang='lat' dir='ltr'><strong>fortem</strong></span> <span class='ocrx_word' id='word_1_100' title='bbox 834 1443 966 1490; x_wconf 89' lang='lat' dir='ltr'><strong>crede,</strong></span> <span class='ocrx_word' id='word_1_101' title='bbox 990 1443 1152 1481; x_wconf 89' lang='lat' dir='ltr'><strong>bonum·</strong></span> 
     </span>
     <span class='ocr_line' id='line_1_17' title="bbox 306 1520 396 1560; baseline 0 -15"><span class='ocrx_word' id='word_1_102' title='bbox 306 1520 396 1560; x_wconf 88' lang='lat' dir='ltr'><strong>que.</strong></span> 
     </span>
    </p>
   </div>
   <div class='ocr_carea' id='block_1_5' title="bbox 498 1674 769 1713">
    <p class='ocr_par' dir='ltr' id='par_1_5' title="bbox 498 1674 769 1713">
     <span class='ocr_line' id='line_1_18' title="bbox 498 1674 769 1713; baseline 0.007 -2"><span class='ocrx_word' id='word_1_103' title='bbox 498 1674 667 1713; x_wconf 89' lang='lat' dir='ltr'><strong>EPIST.</strong></span> <span class='ocrx_word' id='word_1_104' title='bbox 720 1675 769 1712; x_wconf 84' lang='lat' dir='ltr'><strong>X.</strong></span> 
     </span>
    </p>
   </div>
   <div class='ocr_carea' id='block_1_6' title="bbox 369 1801 886 1829">
    <p class='ocr_par' dir='ltr' id='par_1_6' title="bbox 369 1801 886 1829">
     <span class='ocr_line' id='line_1_19' title="bbox 369 1801 886 1829; baseline -0.004 0"><span class='ocrx_word' id='word_1_105' title='bbox 369 1801 430 1829; x_wconf 71' lang='lat' dir='ltr'><strong>AD</strong></span> <span class='ocrx_word' id='word_1_106' title='bbox 458 1802 626 1829; x_wconf 72' lang='lat' dir='ltr'>PUSCUM</span> <span class='ocrx_word' id='word_1_107' title='bbox 656 1801 886 1828; x_wconf 75' lang='lat' dir='ltr'>ARISTIUM.</span> 
     </span>
    </p>
   </div>
   <div class='ocr_carea' id='block_1_7' title="bbox 103 1893 1150 2202">
    <p class='ocr_par' dir='ltr' id='par_1_7' title="bbox 103 1893 1023 2004">
     <span class='ocr_line' id='line_1_20' title="bbox 103 1893 1023 1944; baseline 0 -12"><span class='ocrx_word' id='word_1_108' title='bbox 103 1893 241 1933; x_wconf 74' lang='lat' dir='ltr'><strong>Unms</strong></span> <span class='ocrx_word' id='word_1_109' title='bbox 269 1901 478 1932; x_wconf 85' lang='lat' dir='ltr'><strong>amatorem</strong></span> <span class='ocrx_word' id='word_1_110' title='bbox 498 1894 665 1932; x_wconf 87' lang='lat' dir='ltr'><strong>Fuscum</strong></span> <span class='ocrx_word' id='word_1_111' title='bbox 681 1894 828 1932; x_wconf 85' lang='lat' dir='ltr'><strong>salvere</strong></span> <span class='ocrx_word' id='word_1_112' title='bbox 841 1893 1023 1944; x_wconf 79' lang='lat' dir='ltr'><strong>jubemus</strong></span> 
     </span>
     <span class='ocr_line' id='line_1_21' title="bbox 103 1957 922 2004; baseline 0.002 -10"><span class='ocrx_word' id='word_1_113' title='bbox 103 1957 220 1995; x_wconf 85' lang='lat' dir='ltr'><strong>Ruris</strong></span> <span class='ocrx_word' id='word_1_114' title='bbox 236 1966 439 2004; x_wconf 77' lang='lat' dir='ltr'><strong>amatores,</strong></span> <span class='ocrx_word' id='word_1_115' title='bbox 465 1958 540 1996; x_wconf 87' lang='lat' dir='ltr'><strong>hac</strong></span> <span class='ocrx_word' id='word_1_116' title='bbox 558 1958 598 1995; x_wconf 92' lang='lat' dir='ltr'><strong>in</strong></span> <span class='ocrx_word' id='word_1_117' title='bbox 616 1971 658 1996; x_wconf 89' lang='lat' dir='ltr'><strong>re</strong></span> <span class='ocrx_word' id='word_1_118' title='bbox 676 1957 827 1996; x_wconf 86' lang='lat' dir='ltr'><strong>scilicet</strong></span> <span class='ocrx_word' id='word_1_119' title='bbox 843 1971 922 1996; x_wconf 84' lang='lat' dir='ltr'><strong>una</strong></span> 
     </span>
    </p>

    <p class='ocr_par' dir='ltr' id='par_1_8' title="bbox 103 2007 1150 2202">
     <span class='ocr_line' id='line_1_22' title="bbox 103 2007 1031 2074; baseline 0.002 -15"><span class='ocrx_word' id='word_1_120' title='bbox 103 2021 275 2059; x_wconf 87' lang='lat' dir='ltr'><strong>Multum</strong></span> <span class='ocrx_word' id='word_1_121' title='bbox 293 2022 509 2069; x_wconf 81' lang='lat' dir='ltr'><strong>dissimiles,</strong></span> <span class='ocrx_word' id='word_1_122' title='bbox 536 2029 576 2060; x_wconf 88' lang='lat' dir='ltr'><strong>at</strong></span> <span class='ocrx_word' id='word_1_123' title='bbox 595 2007 727 2060; x_wconf 76' lang='lat' dir='ltr'><strong>cetera</strong></span> <span class='ocrx_word' id='word_1_124' title='bbox 742 2035 845 2074; x_wconf 88' lang='lat' dir='ltr'><strong>pene</strong></span> <span class='ocrx_word' id='word_1_125' title='bbox 861 2023 1031 2074; x_wconf 85' lang='lat' dir='ltr'><strong>gemelli,</strong></span> 
     </span>
     <span class='ocr_line' id='line_1_23' title="bbox 105 2084 1150 2138; baseline 0.003 -16"><span class='ocrx_word' id='word_1_126' title='bbox 105 2084 299 2123; x_wconf 82' lang='lat' dir='ltr'><strong>Fraternis</strong></span> <span class='ocrx_word' id='word_1_127' title='bbox 317 2087 453 2124; x_wconf 82' lang='lat' dir='ltr'><strong>animis</strong></span> <span class='ocrx_word' id='word_1_128' title='bbox 464 2101 475 2123; x_wconf 75' lang='grc' dir='ltr'>ε</span> <span class='ocrx_word' id='word_1_129' title='bbox 503 2086 691 2138; x_wconf 91' lang='lat' dir='ltr'><strong>quidquid</strong></span> <span class='ocrx_word' id='word_1_130' title='bbox 708 2093 826 2138; x_wconf 83' lang='lat' dir='ltr'><strong>negat</strong></span> <span class='ocrx_word' id='word_1_131' title='bbox 842 2087 955 2133; x_wconf 84' lang='lat' dir='ltr'><strong>alter,</strong></span> <span class='ocrx_word' id='word_1_132' title='bbox 974 2095 1015 2125; x_wconf 88' lang='lat' dir='ltr'><strong>et</strong></span> <span class='ocrx_word' id='word_1_133' title='bbox 1031 2087 1150 2132; x_wconf 64' lang='lat' dir='ltr'><strong>alten</strong></span> 
     </span>
     <span class='ocr_line' id='line_1_24' title="bbox 106 2147 1029 2202; baseline 0.002 -17"><span class='ocrx_word' id='word_1_134' title='bbox 106 2147 322 2187; x_wconf 87' lang='lat' dir='ltr'><strong>Adnuimus</strong></span> <span class='ocrx_word' id='word_1_135' title='bbox 338 2150 494 2200; x_wconf 86' lang='lat' dir='ltr'><strong>pariter.</strong></span> <span class='ocrx_word' id='word_1_136' title='bbox 522 2151 654 2189; x_wconf 89' lang='lat' dir='ltr'><strong>Vetuli</strong></span> <span class='ocrx_word' id='word_1_137' title='bbox 672 2150 831 2202; x_wconf 80' lang='lat' dir='ltr'><strong>notique</strong></span> <span class='ocrx_word' id='word_1_138' title='bbox 845 2150 1029 2196; x_wconf 87' lang='lat' dir='ltr'><strong>columbi,</strong></span> 
     </span>
    </p>
   </div>
  </div>
 </body>
</html>
