1378 2534
195 241 244 278 12
414 238 735 280 SERMONUM
788 240 820 280 1.
873 240 927 281 iii.
1136 245 1250 284 v.36.

194 349 357 396 Natura,
376 357 453 390 aut-
461 350 578 390 etiam
597 349 842 390 consuetudo
857 350 981 393 mala·
1007 363 1177 403 namque

192 414 395 465 Neglectis
414 415 563 454 urenda
579 414 662 453 filix
681 414 897 455 innascitur
911 414 1026 467 agris.

188 478 289 518 Illuc
307 486 610 531 praevertemur,
628 486 840 521 amatorem
858 480 963 531 quod
978 480 1128 521 amicae

189 545 336 595 Turpia
347 544 548 595 decipiunt
559 557 720 583 caecum
730 545 837 592 vitia.
849 552 919 587 aut
927 545 1046 587 etiam
1055 545 1138 597 ipsa
1147 545 1247 587 haec

188 610 423 654 Delectant3
450 609 570 650 veluti
589 609 795 649 Balbinum
812 610 979 661 polypus
997 609 1178 661 Hagnae.

188 674 341 715 Vellem
360 675 398 713 in
417 675 587 713 amicitia
604 674 661 712 sic
680 687 908 721 erraremuS,
927 675 1050 717 eristi

187 739 321 778 Errori
340 752 481 778 nomen
500 739 635 777 Virtus
652 738 845 789 posuisset
862 739 1082 780 honestum

190 806 260 851 At,
279 811 390 855 pater
409 810 452 842 ut
471 803 592 854 gnati,
620 802 676 840 sic
696 815 765 840 nos
785 802 985 849 debemus
1004 803 1119 843 amici

189 871 230 910 Si
250 869 355 921 quod
373 869 422 907 sit
440 868 592 913 vitium,
610 880 688 906 non
706 866 895 907 fastidire.
923 866 1156 909 Strabonem

187 934 375 986 Appellat
393 932 557 971 Paetum
574 937 707 982 pater:
735 938 776 970 et
796 930 969 979 Pullum,
983 932 1086 972 male
1102 944 1244 984 parvus

189 999 230 1037 Si
249 998 313 1038 cui
331 997 434 1037 filius
452 1003 526 1043 est,
545 1003 588 1035 ut
607 996 806 1037 abortivus
823 996 901 1037 fuit
916 996 1010 1038 olim

186 1063 392 1114 Sisyphus;
416 1062 522 1101 hunc
536 1061 697 1108 Varum,
725 1061 898 1101 distortis
912 1061 1111 1106 cruribus3
1127 1060 1239 1103 mum

185 1128 361 1167 Balbutit
381 1127 583 1173 Scaurum,
601 1126 729 1177 pravis
745 1125 888 1167 fultum
905 1125 1006 1167 male
1024 1125 1125 1168 talis.

183 1192 346 1231 Parcius
363 1192 427 1231 hic
445 1191 568 1230 vivit?
596 1190 700 1243 frugi
719 1191 884 1231 dicatur.
909 1190 1075 1243 Ineptus

184 1256 238 1297 Et
250 1255 462 1307 jactantior
481 1255 545 1295 hic
563 1255 694 1306 paullo
712 1262 771 1295 est
786 1255 800 1293 ἓ
830 1254 1045 1294 concinnus
1061 1254 1199 1295 amicis

184 1321 362 1360 Postulat
381 1327 423 1359 ut
441 1320 630 1359 videatur.
658 1319 715 1357 At
733 1326 794 1359 est
812 1318 1084 1366 truculentior,
1119 1326 1238 1371 atque

184 1388 278 1427 Plus
295 1399 421 1439 aequo
439 1386 537 1425 liber
549 1399 561 1422 ε
587 1385 751 1436 simplex
771 1384 959 1437 fortisque
977 1385 1180 1438 habeatur.

183 1453 341 1492 Caldior
359 1452 444 1490 est?
475 1463 584 1489 acres
598 1450 699 1489 inter
717 1456 956 1490 numeretur.
984 1449 1149 1502 Opinor,

181 1517 295 1555 Haec
315 1529 377 1554 res
395 1523 435 1553 et
449 1515 595 1566 jungit,
609 1517 767 1566 junctos
785 1521 825 1554 et
843 1521 987 1561 servat,
1005 1515 1163 1556 amicos.

180 1583 237 1620 At
253 1595 322 1620 nos
340 1581 504 1618 virtutes
523 1580 624 1631 ipsas
643 1579 893 1624 invertimus3
917 1586 1037 1633 atque

184 1647 389 1685 Sincerum
409 1645 585 1697 cupimus
604 1657 671 1683 vas
690 1644 917 1690 incrustare.
943 1643 1095 1685 Probus
1113 1645 1199 1696 quis

182 1711 398 1750 Nobiscum
413 1710 533 1748 vivit?
554 1710 718 1749 multum
733 1716 792 1749 est
806 1709 994 1760 demissus
1010 1709 1140 1749 homo.
1166 1709 1231 1749 Illi

183 1776 314 1815 Tardo
328 1788 545 1826 cognomen
562 1774 697 1826 pingui
719 1774 866 1814 damuS.
895 1774 975 1813 Hic
985 1774 1088 1825 fugit
1099 1787 1234 1814 omnes

178 1841 357 1887 Insidias,
378 1841 551 1891 nullique
570 1839 671 1878 malo
690 1839 791 1879 latus
810 1840 919 1879 obdit
936 1846 1138 1891 ψει-ἰωῆς

179 1906 278 1944 Cum
298 1917 422 1955 genus
440 1904 516 1942 hoc
536 1903 636 1942 inter
654 1903 756 1942 vitae
774 1915 986 1950 versemur,
1005 1903 1071 1942 ubi
1088 1905 1189 1943 acris

176 1969 339 2015 Invidia,
359 1978 474 2020 atque
493 1969 626 2018 vigent
645 1967 710 2006 ubi
730 1967 914 2006 crimina:
932 1981 1006 2019 pro
1020 1968 1122 2007 bene
1136 1981 1231 2009 sano

182 2035 244 2072 Ac
260 2047 336 2072 non
358 2034 528 2079 incauto,
556 2032 690 2070 fictum
709 2039 958 2084 astutumque
976 2045 1171 2072 vocamus.

178 2098 398 2150 Simplicior
416 2098 501 2148 quis
525 2104 565 2135 et
584 2104 643 2136 est
662 2097 815 2147 qualem
833 2110 895 2136 me
914 2109 1032 2148 saepe
1049 2097 1216 2137 libenter

178 2164 397 2203 obtulerim
417 2163 499 2209 tibi,
528 2161 764 2205 Maecenas;
793 2169 836 2202 ut
854 2162 955 2201 forte
974 2162 1185 2214 legentem,
