1378 2534
198 242 251 280 50
475 240 797 283 SERMONUM
849 242 904 282 11.
955 243 1008 282 iii.
1161 258 1199 284 v.
1215 246 1253 286 9.

201 352 324 404 Atqui
342 351 469 391 vultus
487 361 571 392 erat
589 354 710 393 multa
727 366 774 392 ac
791 354 992 406 praeclara
1008 353 1203 403 minantis,

198 418 241 457 Si
260 430 424 456 vacuum
442 418 575 469 tepido
593 419 759 469 cepisset
776 419 908 456 villula
923 426 1044 458 tecto.

199 484 393 526 Quorsum
411 483 598 534 pertinuit
616 483 759 534 stipare
778 482 942 522 Platona
959 483 1212 523 Menandro?

196 546 366 599 Eupolin
385 547 654 586 Archilocho?
676 547 838 586 comites
856 547 1024 587 educere
1043 549 1204 588 tantos?

193 612 384 651 Invidiam
403 612 558 663 placare
577 624 688 663 paras
703 611 859 650 Virtute
877 612 1039 651 relicta?

195 677 472 724 Contemnere,
491 676 618 714 miser.
646 676 816 715 Vitanda
834 684 894 715 est
911 676 1086 729 improba
1105 676 1217 716 Siren

192 742 381 787 Desidia;
399 749 480 789 aut,
499 742 688 793 quidquid
706 742 786 780 vita
802 742 962 780 meliore
979 743 1137 794 parasti,

190 807 421 846 Ponendum
433 819 558 858 aequo
572 807 712 845 animo.
731 807 852 854 Dite,
865 807 1116 860 Damasippe,
1129 807 1244 846 deae—

396 883 473 921 que

188 934 336 972 Verum
355 934 405 972 ob
424 934 627 973 consilium
646 935 792 973 donent
810 942 990 974 tonsore:
1008 935 1078 973 sed
1095 935 1200 973 unde

189 998 286 1037 Tam
301 1000 402 1036 bene
414 1010 477 1036 me
490 999 614 1037 nosti?
632 996 844 1050 Postquam
862 999 986 1038 omnis
997 1012 1060 1037 res
1071 1012 1158 1038 mea
1174 999 1242 1038 Ja-

188 1063 255 1101 Ad
267 1063 438 1101 medium
447 1062 573 1100 fracta
585 1070 659 1110 est,
671 1063 797 1101 aliena
807 1063 966 1114 negotia
982 1075 1092 1110 curo,
1125 1065 1242 1113 [num

185 1127 387 1167 Excussus
404 1127 594 1179 propriis:
614 1128 706 1166 olim
725 1141 814 1166 nam
833 1140 1021 1179 quaerere
1040 1129 1230 1176 amabam,

185 1195 276 1237 Quo
293 1193 400 1232 vafer
418 1193 482 1231 ille
501 1193 623 1244 pedes
641 1192 796 1231 lavisset
816 1193 1004 1245 Sisyphus
1022 1207 1138 1240 aere3

184 1258 290 1301 Quid
308 1258 503 1308 sculptum
522 1256 684 1304 infabre,
704 1257 797 1308 quid
808 1257 936 1294 fusum
949 1257 1096 1306 durius,
1117 1266 1238 1298 esset:

183 1322 356 1361 Callidus
373 1322 465 1360 huic
483 1320 594 1372 signo
610 1321 804 1372 ponebam
822 1320 941 1359 millia
958 1329 1116 1360 centum
1132 1336 1143 1359 :

182 1386 332 1425 Hortos
347 1385 604 1437 egregiasque
623 1385 759 1423 domos
777 1385 986 1423 mercarier
1005 1399 1103 1424 unus

181 1451 282 1489 Cum
301 1450 411 1488 lucro
429 1463 586 1494 noram;
614 1449 718 1487 unde
737 1449 959 1500 frequentia
978 1448 1206 1489 Mercuriali

179 1515 406 1566 Imposuere
424 1514 518 1551 mihi
537 1526 756 1565 cognomen
777 1514 961 1565 compita.
988 1513 1106 1561 Novi,

179 1579 234 1617 Et
251 1580 370 1618 miror
387 1579 510 1617 morbi
530 1586 740 1630 purgatum
758 1585 798 1617 te
817 1578 930 1616 illius.
958 1578 1083 1630 Atqui

180 1644 337 1683 Emovit
355 1652 527 1699 veterem
546 1644 643 1681 mire
662 1656 799 1690 novus,
827 1650 871 1680 ut
889 1642 1002 1690 solet,
1030 1643 1071 1680 in
1090 1657 1158 1682 cor

181 1709 366 1760 Trajecto
384 1708 515 1747 lateris
533 1707 663 1746 miseri
691 1707 876 1759 capitisve
895 1706 1052 1751 dolore3
1103 1709 1233 1758 [guet.

181 1773 238 1812 Ut
251 1772 582 1824 lethargicushic,
595 1786 683 1811 cum
697 1771 741 1809 fit
759 1771 882 1823 pugil,
902 1778 942 1809 et
959 1771 1154 1810 medicum
1167 1786 1231 1811 ur-

178 1837 286 1875 Dum
306 1850 355 1874 ne
375 1837 469 1888 quid
488 1837 612 1875 simile
630 1836 737 1883 huic,
756 1843 840 1875 esto
859 1842 902 1873 ut
919 1835 1027 1873 libet.
1056 1834 1092 1873 Ο
1111 1836 1230 1875 bone!

332 1911 343 1925 ·
382 1908 423 1940 te
441 1914 492 1939 ne

178 1968 402 2010 Frustrere;
430 1966 573 2004 insanis
592 1973 632 2004 et
650 1973 708 2012 tu,
736 1964 921 2016 stultique
939 1977 1062 2016 prope
1081 1977 1229 2013 omnes,

179 2032 220 2070 Si
240 2031 333 2083 quid
353 2030 559 2069 Stertinius
576 2030 657 2068 veri
677 2037 835 2081 crepat;
853 2029 958 2068 unde
976 2043 1051 2081 ego
1070 2031 1167 2069 mira

175 2095 379 2147 Descripsi
392 2094 527 2133 docilis
538 2102 748 2147 praecepta
759 2095 872 2141 haec,
885 2101 1060 2146 tempore
1074 2108 1151 2147 quo
1164 2104 1229 2135 me

178 2161 332 2200 Solatus
345 2159 461 2212 jussit
477 2160 692 2213 sapientem
709 2172 868 2212 pascere
887 2159 1059 2208 barbam,
