1378 2534
204 236 255 276 78
451 231 787 274 SERMONUM,
823 231 879 272 ΙΙ.
929 232 1009 272 viii.
1167 246 1205 273 v.
1226 234 1260 274 1.

542 431 749 471 SATIRA
802 433 916 472 vm.

205 541 272 579 U'r
292 538 492 577 Nasidieni
506 538 607 588 juvit
624 545 664 576 te
683 550 808 576 coena
824 537 956 578 beati?

205 605 308 643 Nam
327 604 436 651 mihi,
453 603 655 655 quaerenti
675 603 890 651 convivam,
909 603 1037 642 dictus
1053 603 1148 643 here
1166 602 1245 642 illic

203 670 269 708 De
287 669 416 707 medio
433 675 569 720 potare
588 667 664 706 die.
693 667 773 714 Sic,
802 675 846 706 ut
863 667 958 706 mihi
975 681 1175 720 nunquam

202 736 251 773 In
269 734 349 772 vita
365 733 484 771 fuerit
500 732 649 770 melius.
679 732 772 779 Dic,
799 732 832 770 si
849 744 967 783 grave
983 745 1065 772 non
1083 740 1156 780 est,

204 801 315 843 Quae
333 799 458 850 prima
475 798 616 835 iratum
635 804 811 835 ventrem
830 797 1044 848 placaverit
1063 809 1167 836 esca.

202 864 250 902 In
268 863 401 915 primis
418 862 604 900 Lucanus
622 874 717 913 aper
734 861 814 901 leni
831 861 907 900 fuit
925 862 1074 900 Austro

203 930 366 979 Captus,
394 934 439 965 ut
456 926 584 965 aiebat
603 939 750 964 coenae
764 934 901 978 pater;
926 926 1032 965 acria
1049 926 1198 966 circum

203 992 370 1044 Rapula,
397 992 591 1038 lactucae,
620 991 785 1038 radices,
813 991 944 1043 qualia
959 991 1102 1030 lassum

202 1057 429 1096 Pervellunt
446 1056 704 1103 stomachum,
722 1056 833 1102 siser,
861 1055 974 1102 allec,
992 1054 1148 1094 saecula
1165 1054 1259 1095 Coa·

201 1123 278 1160 His
297 1122 363 1160 ubi
381 1122 542 1160 sublatis
560 1134 658 1173 puer
677 1122 755 1160 alte
774 1121 927 1160 cinctus
945 1133 1128 1160 acernam

202 1187 386 1238 Gausape
404 1199 600 1238 purpureo
618 1198 791 1224 mensam
809 1185 1007 1237 pertersit,
1034 1193 1076 1226 et
1092 1186 1192 1224 alter

203 1251 382 1302 Sublegit
401 1251 663 1302 quodcunque
678 1253 830 1301 Jaceret
847 1250 1000 1297 inutile,
1028 1250 1212 1301 quodque

202 1316 340 1354 Posset
359 1322 569 1354 coenantes
587 1314 809 1359 offendere;
835 1322 879 1352 ut
897 1313 1036 1352 Attica
1051 1314 1164 1364 virgo

201 1381 302 1419 Cum
321 1378 439 1418 sacris
459 1379 628 1426 Cereris,
654 1379 832 1431 procedit
850 1378 983 1417 fuscus
1002 1378 1225 1429 Hydaspes,

201 1445 385 1484 Caecuba
398 1444 488 1482 vina
501 1444 647 1490 ferens;
659 1445 803 1491 Alcon,
820 1444 961 1482 Chium
975 1443 1091 1481 maris
1105 1457 1260 1495 expers.

200 1509 280 1547 Hic
299 1510 441 1547 herus:
466 1509 676 1555 Albanum,
692 1508 918 1554 Maecenas,
936 1507 1016 1546 sive
1035 1507 1243 1546 Falernum

201 1574 261 1612 Te
278 1573 401 1624 magis
419 1573 604 1624 appositis
623 1573 819 1616 delectam
836 1572 1024 1610 habemus
1038 1578 1260 1624 utrumque.

198 1637 366 1676 Divitias
384 1637 565 1675 miseras!
593 1637 677 1684 sed,
698 1637 784 1688 quis
804 1636 1059 1675 coenantibus
1079 1649 1170 1683 una,

198 1703 392 1749 Fundani,
416 1690 583 1754 pulchre
600 1701 719 1740 fuerit
737 1701 820 1748 tibi,
849 1714 962 1740 nosse
980 1701 1127 1740 laboro.

200 1767 381 1805 Summus
400 1779 489 1817 ego,
517 1773 558 1804 et
575 1779 695 1817 prope
714 1778 777 1803 me
797 1765 937 1804 Viscus
957 1764 1168 1812 Thurinus,
1195 1773 1236 1805 et

407 1831 520 1877 infra,

200 1897 241 1934 Si
259 1894 432 1941 memini,
453 1894 614 1939 Varius;
643 1908 732 1933 cum
754 1894 917 1932 Servilio
936 1894 1145 1933 Balatrone

198 1960 391 2006 Vibidius,
411 1973 508 2010 quos
527 1958 741 1997 Maecenas
759 1958 978 1997 adduxerat
998 1959 1166 1998 umbras.

200 2025 470 2063 Nomentanus
490 2031 574 2061 erat
593 2037 710 2074 super
728 2023 867 2074 ipsum,
897 2022 1058 2062 Porcius
1075 2023 1191 2071 insta,

200 2089 404 2127 Ridiculus
423 2095 524 2126 totas
543 2088 655 2126 simul
676 2088 884 2126 absorbere
904 2088 1130 2139 placentas;

200 2154 470 2192 Nomentanus
488 2153 538 2191 ad
557 2153 646 2200 hoc,
677 2153 757 2204 qui,
785 2152 817 2191 si
837 2153 931 2204 quid
948 2152 1050 2192 forte
1068 2153 1223 2208 lateret,
