1378 2534
206 239 257 276 36
453 234 775 275 SERMONUM
811 211 861 275 ⁴1.
895 210 954 276 vx.
1177 251 1214 278 v.
1230 241 1265 278 1.

582 434 788 474 SATIRA
842 434 892 473 X.

209 539 363 580 Nmss’r:
383 539 639 590 incomposito
658 539 739 578 dixi
757 540 858 591 pede
876 552 1033 579 currere
1050 553 1183 582 versus

206 604 361 643 Lucili:
381 603 466 655 quis
484 611 563 641 tam
583 603 714 641 Lucili
732 603 860 642 fautor
877 603 1008 656 ineptae
1027 612 1100 652 est,

208 670 266 709 Ut
284 683 362 707 non
381 669 457 707 hoc
471 668 669 708 fateatur?
699 669 757 707 At
775 669 894 717 idem,
913 670 1019 721 quod
1035 669 1116 708 sale
1133 668 1257 709 multo

208 734 359 774 Urbem
378 732 576 780 defricuit,
597 733 734 771 charta
752 733 932 772 laudatur
949 734 1100 774 eadem.

203 798 296 838 Nec
308 806 454 844 tamen,
467 798 544 835 hoc
558 792 747 845 tribusens,
762 798 936 837 dederim
949 811 1105 851 quoque
1117 806 1266 840 ceter-ax

414 875 505 901 nam
522 863 579 901 sic

204 928 261 968 Et
278 929 423 968 Laberi
440 927 593 975 mimos,
621 933 665 966 ut
681 927 845 980 pulchra
862 929 1055 980 poemata,
1082 929 1212 968 mirer.

205 993 316 1045 Ergo
334 1006 413 1032 non
431 992 523 1031 satis
541 999 602 1031 est
619 993 698 1031 risu
717 993 903 1032 diducere
920 993 1062 1032 rictum

206 1057 413 1098 Auditor-is
427 1073 438 1103 ;
456 1064 497 1096 et
511 1063 571 1096 est
583 1057 774 1110 quaedam
786 1064 917 1097 tamen
935 1058 1000 1098 hic
1019 1071 1175 1112 quoque
1188 1060 1263 1099 vir·

413 1129 488 1160 tus.

203 1188 278 1227 Est
295 1187 487 1226 brevitate
507 1191 618 1239 o‘pus,
637 1195 682 1227 ut
700 1195 832 1228 currat
849 1189 1056 1236 sententia,
1075 1202 1154 1228 neu
1170 1202 1212 1228 se

202 1252 397 1304 Impediat
414 1252 542 1290 verbis
561 1253 679 1291 lassas
698 1253 950 1291 onerantibus
968 1266 1109 1292 aures:

202 1318 258 1356 Et
276 1330 453 1356 sermone
472 1330 570 1368 opus
589 1324 650 1355 est
667 1317 784 1356 modo
803 1317 916 1364 tristi,
936 1331 1053 1369 saepe
1067 1319 1221 1369 jocoso,

203 1382 458 1422 Defendente
476 1381 603 1420 vicem
620 1383 736 1421 modo
756 1382 922 1421 rhetoris
940 1389 1058 1434 atque
1077 1384 1232 1434 poetae,

203 1447 408 1486 Interdum
427 1447 578 1494 urbani,
606 1446 802 1498 parcentis
820 1446 965 1485 viribus
984 1455 1102 1500 atque

203 1512 466 1551 Extenuantis
484 1524 550 1550 eas
570 1512 760 1550 consulto.
790 1511 1015 1550 Ridiculum
1034 1512 1115 1551 acri

204 1575 359 1614 Fortius
378 1589 424 1615 ac
443 1576 582 1614 melius
600 1589 760 1628 magnas
779 1577 1009 1629 plerumque
1028 1585 1137 1616 secat
1154 1591 1229 1618 res.

204 1641 280 1688 Illi,
308 1641 454 1692 scripta
472 1641 612 1696 quibus
630 1641 832 1680 comoedia
849 1642 976 1693 prisca
993 1641 1084 1680 viris
1102 1650 1176 1690 est,

205 1706 297 1746 Hoc
313 1707 479 1753 stabant,
492 1706 568 1744 hoc
586 1713 678 1744 sunt
696 1706 889 1752 imitandi3
917 1720 1014 1758 quos
1031 1719 1161 1759 neque
1178 1708 1263 1759 pul·

412 1772 508 1810 cher

203 1836 478 1887 Hermogenes
497 1850 669 1889 unquam
686 1836 796 1888 legit,
825 1849 952 1888 neque
971 1835 1104 1875 simius
1123 1836 1197 1875 iste

204 1900 272 1939 Nil
292 1908 447 1952 praeter
467 1901 630 1942 Calvum
649 1908 690 1940 et
708 1902 848 1940 doctus
867 1907 1025 1939 cantare
1054 1900 1262 1940 Catullum.

204 1965 263 2004 At
281 1977 465 2015 magnum
483 1965 593 2012 fecit,
622 1965 727 2016 quod
745 1964 873 2003 verbis
893 1963 1047 2002 Graeca
1064 1963 1216 2003 Latinis

204 2029 380 2068 Miscuit.
410 2028 446 2065 O
466 2029 541 2066 seri
561 2029 799 2068 studiorum!
828 2028 944 2080 quine
963 2028 1108 2078 putetis

205 2092 374 2133 Difficile
394 2099 434 2130 et
452 2093 606 2140 mirum,
637 2093 791 2132 Rhodio
811 2093 914 2144 quod
935 2092 1174 2131 Pitholeonti

206 2157 412 2211 Contigit?
443 2159 500 2197 At
518 2171 645 2198 sermo
664 2158 797 2211 lingua
816 2159 1029 2198 concinnus
1049 2165 1210 2213 utraque
