1378 2534
192 231 247 272 62
460 230 783 275 SERMONUM
833 235 887 275 11.
940 236 991 276 iv.
1131 247 1172 278 v.
1190 237 1259 278 19.

197 343 254 382 Ut
271 345 375 383 succi
394 344 575 392 melioris,
593 353 634 384 et
651 353 695 385 ut
711 347 834 398 magis
850 347 952 387 alma
973 348 1163 396 rotundis,

196 407 364 453 Ponere;
382 422 547 461 namque
560 423 705 449 marem
719 411 904 451 cohibent
917 412 1059 452 canosa
1067 413 1250 454 vitellum·

196 475 315 512 Caule
334 476 567 522 suburbano,
596 476 661 527 qui
679 476 791 515 siccis
809 477 932 516 crevit
947 478 989 516 in
1005 479 1122 530 agris,

194 538 382 578 Dulcior:
411 540 554 591 irriguo
573 540 668 578 nihil
685 548 745 580 est
761 541 900 581 elutius
917 543 1044 582 horto.

195 603 236 642 si
254 604 494 656 vespertinus
510 604 636 643 subito
654 612 693 643 te
711 605 942 657 oppresserit
958 607 1122 660 hospes3

194 668 256 707 Ne
274 669 415 720 gallina
432 670 574 708 malum
593 678 792 722 responset
809 671 905 710 dura
920 672 1062 724 palato,

193 733 346 773 Doctus
364 734 439 772 eris
456 735 580 772 vivam
598 743 730 774 musto
748 749 914 774 mersare
933 736 1096 776 Falerno
1110 752 1122 776 :

192 798 284 838 Hoc
302 807 473 838 teneram
491 799 619 838 faciet.
648 800 895 839 Pratensibus
913 802 1059 853 optima
1073 802 1202 854 fungis

193 864 342 903 Natura
360 872 419 902 est
434 881 443 909 ;
470 865 552 902 aliis
570 866 668 904 male
688 865 870 904 creditur.
898 866 969 905 Ille
986 867 1158 906 salubres

192 931 374 968 Aestates
392 937 568 981 peraget,
587 930 651 981 qui
670 929 788 981 nigris
802 931 964 982 prandia
976 931 1094 970 moris

191 994 330 1041 finiet,
348 1002 438 1033 ante
457 1007 613 1046 gravem
632 1006 732 1045 quae
749 995 889 1046 legerit
905 996 1044 1035 arbore
1059 996 1194 1039 solem.

191 1059 371 1098 Aufidius
388 1060 478 1098 forti
497 1059 682 1098 miscebat
699 1060 814 1097 mella
831 1059 1008 1108 Falerno,

189 1124 383 1162 Mendose
398 1140 407 1168 ;
435 1124 616 1175 quoniam
634 1124 765 1163 vacuis
779 1125 1021 1164 committere
1037 1125 1147 1165 venis

189 1189 255 1227 Nil
275 1190 345 1228 nisi
364 1190 451 1228 lene
470 1190 610 1228 decet:
629 1189 708 1227 leni
725 1190 952 1240 praecordia
969 1191 1092 1234 mulso

189 1253 383 1293 Prolueris
401 1254 549 1291 melius.
570 1254 610 1291 Si
629 1254 724 1292 dura
740 1254 952 1293 morabitur
967 1255 1090 1302 alvus,

187 1319 351 1358 Mitulus
370 1326 410 1357 et
427 1318 521 1356 viles
538 1317 684 1369 pellent
702 1318 896 1356 obstantia
913 1319 1100 1366 conchae,

186 1383 239 1422 Et
257 1383 400 1435 lapathi
418 1382 543 1420 brevis
560 1382 703 1426 herba;
729 1383 800 1420 sed
816 1383 904 1422 albo
922 1396 1000 1422 non
1018 1383 1101 1422 sine
1120 1384 1216 1424 Coo.

182 1448 354 1487 Lubrica
371 1453 575 1486 nascentes
593 1446 753 1497 implent
770 1447 975 1498 conchylia
990 1447 1119 1487 lunae.

186 1513 263 1552 Sed
283 1527 360 1552 non
376 1525 491 1551 omne
504 1525 609 1550 mare
624 1518 682 1550 est
695 1524 907 1562 generosae
919 1511 1052 1552 fertile
1068 1520 1202 1553 testae.

186 1574 340 1617 Murice
359 1578 505 1628 Bajano
523 1577 659 1616 melior
676 1576 848 1616 Lucrina
863 1577 1006 1628 peloris
1017 1592 1029 1616 ι

184 1644 327 1683 Ostrea
345 1643 520 1694 Circeiis,
538 1642 695 1681 Miseno
713 1642 889 1681 oriuntur
906 1643 1035 1682 echini
1050 1659 1062 1690 ς

183 1709 408 1748 Pectinibus
426 1707 565 1760 patulis
579 1709 703 1759 jactat
720 1720 762 1746 se
779 1707 896 1746 molle
915 1707 1140 1750 Tarentum·

181 1773 268 1812 Nec
287 1773 357 1811 sibi
376 1785 584 1812 coenarum
603 1773 727 1824 quivis
743 1779 889 1811 temere
903 1779 1212 1824 arroget-artem,

181 1838 271 1876 Non
291 1838 394 1890 prius
413 1845 552 1876 exacta
569 1837 678 1875 tenui
696 1837 846 1876 ratione
863 1850 1056 1889 saporum.

181 1902 268 1941 Nec
286 1903 375 1940 satis
394 1910 453 1940 est
472 1915 560 1940 cara
577 1902 702 1953 pisces
720 1914 897 1940 averrere
915 1914 1062 1950 mensa,

178 1967 376 2019 Ignarum,
405 1967 542 2018 quibus
562 1974 621 2004 est
635 1968 698 2017 jus
716 1966 855 2018 aptius,
873 1974 913 2005 et
930 1967 1070 2018 quibus
1092 1969 1186 2007 assis

178 2032 403 2083 Languidus
421 2031 460 2068 in
479 2032 650 2070 cubitum
663 2033 743 2081 jam
762 2044 803 2069 se
823 2029 985 2070 conviva
1008 2039 1183 2084 reponet.

180 2096 343 2144 Umber,
360 2103 399 2135 et
417 2097 535 2147 iligna
553 2097 718 2135 nutritus
737 2096 892 2147 glande,
911 2097 1096 2136 rotundas

180 2162 325 2201 Curvet
343 2174 435 2213 aper
452 2161 582 2200 lances
602 2174 760 2201 carnem
775 2160 930 2200 vitantis
948 2161 1111 2202 inertem
1127 2176 1138 2200 t
