1378 2534
78 279 115 304 v.
133 263 170 305 1.
341 262 658 303 SERMONUM
709 263 764 303 ΙΙ.
814 278 849 302 v.
1072 268 1125 310 66

447 436 654 475 SATIRA
706 437 755 475 V.

80 566 175 606 Hoc
193 579 361 619 quoque,
389 562 551 612 Tiresia,
569 574 723 616 praeter
739 574 908 612 narrata,
931 566 1082 618 petenti

79 631 304 684 Responde,
328 631 467 682 quibus
484 630 643 668 amims
659 643 838 681 reparare
854 644 994 682 queam
1011 644 1075 670 rea

80 695 244 734 Artibus
259 702 378 747 atque
393 695 519 733 modis
529 709 541 732 ι
559 695 652 746 quid
665 695 788 734 rides?
806 695 961 742 Jmne,
978 695 1127 743 dolose,

79 759 172 798 Non
187 761 280 798 satis
297 765 357 798 est
374 758 550 797 Ithacam
567 758 713 804 revehi,
727 759 950 810 patriosque
965 768 1128 811 penates

79 823 323 875 Adspicere?
342 822 380 861 Ο
397 823 494 861 nulli
511 823 721 874 quidquam
733 824 916 862 mentite!
942 824 1064 871 vidoe,
1082 832 1128 864 ut

77 888 217 926 Nudus
233 888 421 940 inopsque
435 887 591 925 domum
610 887 779 933 redeam,
798 895 839 926 te
855 894 944 927 vate
960 904 971 933 ;
996 901 1125 940 neque

277 951 359 990 illic

78 1017 164 1055 Aut
180 1016 372 1068 apotheca
382 1016 511 1067 procis
528 1016 675 1054 intacta
691 1026 765 1064 est,
783 1025 851 1055 aut
863 1031 1002 1069 pecus:
1019 1019 1127 1070 atqui

79 1080 133 1118 Et
149 1091 287 1131 genus,
304 1087 346 1117 et
362 1080 497 1126 virtus,
522 1080 595 1118 nisi
614 1093 703 1118 cum
720 1094 778 1127 re,
796 1081 908 1118 vilior
923 1082 1014 1132 alga
1029 1090 1102 1120 est.

79 1144 246 1188 Quando
262 1144 501 1195 pauperiem,
518 1145 643 1182 missis
660 1145 900 1196 ambagibus,
917 1145 1077 1190 horres;
1112 1149 1116 1153 “

78 1203 245 1260 Accipe,
262 1220 340 1260 qua
355 1208 505 1246 ratione
523 1221 644 1260 queas
660 1209 863 1247 ditescere.
891 1209 1060 1255 Turdus,

78 1271 168 1310 Sive
184 1271 291 1309 aliud
306 1271 456 1322 privum
471 1271 627 1309 dabitur
642 1271 729 1318 tibi,
747 1272 902 1310 devolet
918 1273 1025 1319 illuc,

77 1335 158 1374 Res
175 1335 243 1373 ubi
258 1347 400 1386 magna
412 1336 524 1381 nitet,
543 1336 701 1374 domino
719 1349 812 1374 sene
824 1351 835 1373 ε
853 1337 983 1375 dulcia
998 1351 1135 1394 poma,-

74 1399 128 1439 Et
145 1412 397 1451 quoscunque
413 1400 515 1438 feret
532 1400 661 1438 cultus
678 1401 750 1438 tibi
765 1400 910 1439 fundus
927 1402 1110 1449 honores,

75 1465 183 1503 Ante
199 1463 340 1502 Larem
359 1472 490 1515 gustet
505 1464 762 1502 venerabilior
780 1464 883 1503 Lare
901 1466 1009 1505 dives
1024 1483 1036 1510 ;

74 1529 152 1571 Qui
168 1529 343 1580 quamvis
359 1531 536 1580 perjurus
554 1530 642 1575 erit,
659 1530 743 1567 sine
760 1537 893 1580 gente,
918 1539 1102 1570 cruentus

78 1592 275 1644 Sanguine
292 1591 476 1638 fraterno,
494 1592 694 1643 fugitivus,
712 1605 763 1630 ne
781 1601 911 1631 tamen
930 1595 985 1632 illi

76 1657 139 1694 Tu
157 1669 288 1694 comes
305 1656 491 1702 exterior,
508 1657 541 1694 si
557 1657 741 1707 postulet,
760 1657 815 1695 ire
833 1669 1001 1696 recuses.

76 1720 184 1759 Utne
201 1728 331 1770 tegam
349 1732 490 1770 spurco
504 1720 653 1758 Damae
667 1720 787 1758 latus?
808 1721 913 1759 haud
923 1723 978 1759 ita
989 1723 1131 1775 Trojae

73 1783 145 1821 Me
161 1784 278 1834 gessi,
297 1791 450 1821 certans
466 1795 618 1834 semper
634 1783 869 1822 melioribus.
898 1784 1005 1837 Ergo

75 1847 230 1899 Pauper
242 1847 330 1886 eris.
356 1847 511 1887 Fortem
525 1848 601 1886 hoc
613 1847 783 1886 animum
795 1849 959 1888 tolerare
968 1852 1131 1901 jubeboe

77 1911 130 1949 Et
147 1911 342 1962 quondam
359 1915 508 1964 majora
524 1911 595 1949 tuli
610 1925 621 1948 ε
649 1920 692 1949 tu
705 1920 905 1963 protenus,
922 1915 1027 1954 unde

77 1975 241 2013 Divitias
258 1976 436 2027 aerisque
454 1989 577 2022 ruam,
596 1976 674 2023 dic,
698 1989 838 2028 augur,
855 1990 1028 2017 acervos.

76 2039 173 2076 Dixi
189 2040 384 2090 equidem,
402 2048 443 2079 et
460 2041 564 2078 dico.
592 2041 735 2092 Captes
752 2048 903 2080 astutus
921 2043 1064 2094 ubique

18 2111 20 2113 “
76 2103 327 2142 Testamenta
342 2103 477 2142 senum
493 2120 504 2147 ς
530 2118 622 2151 neu,
639 2106 672 2142 si
690 2105 797 2143 vafer
815 2119 915 2145 unus
933 2114 974 2146 et
991 2107 1089 2145 alter
1130 2119 1133 2121 ’

76 2167 343 2207 Insidiatorem
360 2181 545 2220 praeroso
564 2169 707 2220 fugerit
725 2170 855 2217 hamo,

130 2231 249 2271 Tou.
281 2233 339 2272 11.
607 2235 628 2271 1
