1378 2534
208 201 283 238 122
425 197 830 239 EPISTOLARUM
882 199 916 238 Ι.
968 199 1051 238 xix.
1154 214 1191 240 v.
1207 203 1272 241 24«.

144 342 150 349 .
209 310 375 349 Ostendi
393 311 533 357 Latio;
562 323 743 349 numeros
762 311 988 363 animosque
1007 317 1164 350 secutus

210 375 452 423 Archilochi,
473 389 551 414 non
570 388 645 421 res,
664 383 704 413 et
722 375 878 426 agentia
894 376 1012 414 verba
1030 375 1269 427 Lycamben.

209 441 288 487 Ac,
307 454 356 479 ne
371 455 434 479 me
451 440 553 479 foliis
572 440 660 478 ideo
677 439 918 479 brevioribus
941 454 1069 488 ornes,

209 506 327 549 Quod
344 505 454 544 timui
472 513 623 543 mutare
641 505 777 544 modos
796 512 837 542 et
854 505 1032 544 carminis
1051 513 1199 550 artem;

209 571 419 623 Temperat
451 570 681 609 Archilochi
716 583 863 609 musam
900 571 1000 622 pede
1035 571 1207 610 mascula

418 636 589 696 Sappho,

209 702 418 753 Temperat
430 701 601 740 Alcaeus
617 715 627 738 ε
655 700 739 747 sed,
758 700 874 738 rebus
890 708 932 739 et
950 701 1096 740 ordine·
1105 701 1250 754 dispar,

209 767 296 805 Nec
311 779 487 805 socerum
501 765 666 817 quaerit,
685 779 800 817 quem
814 766 987 804 versibus
998 765 1146 805 oblinat
1158 766 1268 813 atris;

208 831 294 870 Nec
313 844 477 882 sponsae
494 831 675 882 laqueum
694 830 843 869 famoso
862 831 1032 870 carmine
1050 832 1183 870 nectit.
1198 845 1205 852 ·

207 896 329 934 Hunc
346 909 436 947 ego,
455 909 533 934 non
552 895 627 934 alio
647 895 794 934 dictum
812 895 920 948 prius
938 909 1020 943 ore,
1038 895 1202 935 Latinus

208 961 373 1012 Vulgavi
390 960 532 999 fidicen
548 975 558 998 ε
573 962 698 1011 juvat,
716 961 984 999 immemorata
998 959 1204 1007 ferentem,

207 1025 395 1077 Ingenuis
413 1025 615 1077 oculisque
634 1025 714 1077 legi
731 1026 988 1077 manibusque
1004 1025 1144 1063 teneri.

209 1091 319 1129 Scire
336 1091 445 1138 velis,
463 1104 551 1129 mea
570 1104 640 1129 cur
659 1090 833 1142 ingratus
853 1089 1041 1141 opuscula
1058 1087 1183 1128 lector

207 1155 362 1194 Laudet
386 1163 570 1207 ametque
599 1154 719 1202 domi,
742 1162 894 1207 premat
917 1161 1030 1193 extra
1051 1154 1170 1193 limen
1194 1154 1264 1193 ini-

413 1233 511 1272 quus
521 1221 535 1258 ι’

207 1285 300 1324 Non
319 1298 394 1337 ego
412 1292 597 1323 ventosae
615 1285 738 1336 plebis
757 1284 938 1335 suffragia
953 1296 1076 1323 venor

205 1350 399 1402 Impensis
418 1362 642 1395 coenarum,
661 1357 702 1387 et
720 1349 834 1387 tritae
853 1361 1014 1386 munere
1030 1346 1165 1386 vestis:

205 1411 297 1452 Non
317 1427 407 1464 ego,
425 1412 611 1451 nobilium
630 1411 859 1463 scriptorum
879 1411 1034 1450 auditor
1050 1418 1092 1450 et
1108 1411 1225 1459 ultor,

204 1477 489 1516 Grammaticas
507 1476 654 1515 ambire
671 1476 795 1515 tribus
813 1484 854 1515 et
871 1476 1019 1528 pulpita
1035 1475 1199 1528 dignor:

205 1543 247 1582 H
251 1544 314 1582 inc
333 1542 420 1580 illae
437 1541 631 1580 lacrimae.
652 1541 792 1593 Spissis
810 1541 971 1593 indigna
988 1541 1151 1580 theatris

206 1607 362 1660 Scripta
379 1607 500 1659 pudet
518 1607 696 1654 recitare,
716 1614 757 1645 et
774 1606 889 1658 nugis
907 1605 1053 1645 addere
1069 1605 1237 1658 ponduS,
1263 1609 1265 1611 ’

205 1675 247 1714 Si
266 1673 372 1718 dixi;
401 1671 536 1719 Rides,
555 1671 622 1718 ait,
642 1679 683 1709 et
700 1670 810 1709 Jovis
828 1670 984 1709 auribus
1003 1670 1077 1709 ista

205 1741 342 1780 Servas
361 1753 371 1777 :
398 1737 485 1775 fidis
503 1737 606 1775 enim
625 1749 781 1774 manare
799 1735 957 1787 poetica
977 1736 1092 1774 mella

204 1806 262 1843 Te
282 1804 421 1849 solum,
440 1802 511 1840 tibi
528 1801 702 1854 pulcher.
730 1801 797 1839 Ad
815 1801 913 1839 haec
931 1813 1006 1852 ego
1020 1801 1176 1839 naribus
1188 1800 1247 1839 uti

205 1868 386 1908 Formido
402 1883 411 1912 ;
439 1874 494 1914 et,
517 1865 701 1904 luctantis
719 1872 836 1904 acuto
853 1878 904 1903 ne
922 1878 1032 1904 secer
1049 1866 1184 1917 ungui,

205 1933 402 1984 Displicet
419 1931 493 1969 iste
511 1931 636 1977 locus,
655 1929 804 1973 clam03
822 1936 862 1968 et
879 1929 1026 1967 diludia
1041 1943 1175 1981 posco.

202 1998 339 2037 Ludus
353 1996 455 2035 enim
471 1995 608 2047 genuit
624 1995 818 2047 trepidum
837 2002 1049 2042 certamen,
1068 2002 1109 2033 et
1127 1995 1250 2040 iram;

202 2063 268 2104 Ira
284 2069 416 2101 truces
435 2060 670 2107 inimicitias,
689 2067 730 2099 et
742 2059 904 2099 funebre
923 2058 1080 2099 bellum.
