1378 2534
234 239 283 279 17
283 240 306 276 8
626 236 895 278 NOTULAE

517 326 564 354 m
591 326 678 353 Lm.
705 327 734 354 1.
762 327 1014 356 SERMoNUM.

263 411 357 451 Cum
374 410 518 450 Pedius
534 411 686 450 exsudet
696 425 845 450 caussas
862 411 1058 465 Poplicola
1075 417 1190 465 atque

262 475 460 523 Corvinus,
471 476 614 529 patriis
631 476 882 515 intermiscere
890 476 1015 529 petita

268 542 386 581 Verba
385 542 498 594 flms
514 541 636 589 malis,
666 540 850 581 Canusini
861 554 962 581 more
978 541 1155 596 bilinguis
1166 543 1188 581 8

237 633 308 681 At,
333 632 414 672 sive
433 646 523 672 cum
540 631 663 671 MSS.
681 631 859 671 omnibus
877 630 1010 671 oblitus
1027 633 1207 680 retineas,
1239 635 1288 673 si-

235 710 296 745 ve,
327 710 379 736 ex
403 698 475 737 viri
494 697 599 737 docti
619 698 859 748 conjectura,
884 696 1015 736 oblitos
1031 697 1289 746 substituetis,

234 762 307 801 nisi
325 763 442 801 etiam
459 761 600 801 Latine
617 762 739 814 legas,
766 761 939 800 divinare
951 774 1122 814 nequeas
1135 775 1206 800 cur
1217 761 1289 812 'hic

233 835 511 874 memorentur,
538 833 606 865 aut
633 839 817 878 quorsum
835 826 1057 878 pertineant
1075 825 1219 865 Pedius
1245 833 1288 865 et

231 891 423 931 Corvinus
441 905 531 931 cum
549 891 694 931 caussis
712 891 803 930 suis.

282 955 333 994 X.
360 958 424 995 32.
477 956 576 995 cod.
595 955 695 995 Coll.
714 954 917 994 Trinitatis
943 954 1016 994 tali
1039 969 1097 995 me
1114 969 1198 995 voce
1215 967 1285 995 ex-

232 1020 354 1060 hibet.

280 1086 343 1126 37.
396 1085 570 1138 Dffingit
587 1085 733 1123 habent
751 1098 842 1123 cum
857 1083 946 1123 edd,
959 1091 1057 1123 vett.
1070 1090 1154 1123 tum
1169 1084 1283 1124 codd.

228 1162 318 1202 pars
335 1149 484 1188 melior.
537 1149 618 1187 Alii
636 1149 812 1201 dgffingz't,
830 1148 1013 1202 depingit,
1031 1148 1174 1202 dffgit.
1225 1150 1283 1188 A-

230 1227 326 1252 cron
345 1213 593 1253 Fabricianus
628 1218 655 1237 “
674 1212 850 1265 diffingit,
876 1212 977 1251 male
1004 1211 1161 1260 format,
1191 1212 1218 1252 i.
1248 1227 1286 1253 e.

230 1283 257 1303 “
283 1277 490 1323 describit;
517 1277 655 1316 luteum
673 1277 800 1316 Rheni
816 1283 942 1330 caput,
967 1290 1047 1327 non
1066 1277 1158 1330 quia
1182 1277 1283 1317 lute-

231 1347 258 1366 “
283 1356 351 1381 um
369 1349 487 1394 caput
504 1342 624 1381 habet
643 1342 822 1389 Rhenus,
838 1341 909 1380 sed
926 1340 1032 1394 quod
1058 1341 1208 1380 luteum
1224 1341 1282 1381 fa-

230 1411 257 1430 “
284 1407 339 1445 cit
357 1406 439 1458 ipse
457 1405 719 1444 describendo
734 1406 878 1444 maless'

278 1473 342 1509 49.
397 1469 471 1507 Ed.
489 1469 674 1516 Locheri,
705 1476 746 1508 et
764 1468 918 1507 Veneta
937 1471 1050 1508 1490.
1067 1468 1183 1508 multa
1200 1483 1283 1509 cum

226 1533 349 1572 laude.

276 1613 342 1648 50.
380 1610 435 1648 At
451 1609 664 1661 dicifluere
681 1609 778 1648 hunc
787 1608 1021 1658 lutulentum,
1033 1623 1142 1663 saepe
1140 1611 1280 1662 seren·-

277 1672 402 1713 Plura
419 1673 566 1726 quidem
582 1673 746 1714 tollenda
763 1673 1026 1726 relinquendis.
1184 1677 1281 1727 [tem

226 1751 371 1803 Liquet
388 1750 563 1790 nestrum
581 1752 656 1791 hac
670 1752 787 1791 satira
799 1751 977 1803 mitigare
999 1751 1166 1790 voluisse
1174 1752 1281 1803 judi-

225 1816 275 1855 cii
293 1815 555 1863 severitatem,
572 1815 679 1867 quod
695 1815 843 1855 fecerat
856 1816 906 1855 de
922 1815 1079 1855 Lucilio
1096 1815 1178 1857 Sat·
1192 1815 1253 1854 IV
1267 1833 1277 1861 ;

226 1880 304 1927 ubi,
345 1880 446 1919 inter
477 1880 564 1929 alia,
597 1880 881 1919 dixerat—cum
898 1879 1045 1931 flueret
1060 1878 1277 1928 analeum,

223 1944 368 1984 turbidi
385 1944 554 1983 fluminis
585 1944 721 1992 instar,
745 1950 828 1982 erat
857 1943 956 1995 quod
984 1954 1179 1982 1¹01.»an
1203 1943 1278 1983 vel·

221 2008 287 2049 les.
342 2009 422 2048 Sed
439 2009 493 2047 de
506 2021 637 2056 sensu,
652 2021 730 2060 quo
741 2008 902 2049 verbum
914 2006 1043 2047 tollere
1055 2008 1276 2060 intelligen-

221 2074 315 2113 dum
332 2073 396 2121 sit,

272 2149 516 2207 Grammatici
531 2155 689 2199 certant,
707 2155 743 2190 et
760 2149 882 2207 adhuc
897 2149 1104 2204 subjudice
1119 2147 1167 2188 lis
1179 2154 1248 2196 eet,
