1378 2534
214 238 290 274 180
609 236 884 277 NOTULAE

500 327 547 352 m
574 326 659 353 LIB.
688 327 717 354 1.
745 327 996 355 sannorum.

221 411 255 450 Ο
271 425 392 464 mayor
396 424 621 464 Juvenum
595 415 634 451 ¹.
680 439 752 451 .....
872 440 1042 452 ............

249 504 463 516 ...............
585 475 697 515 ..hoc
713 475 783 514 tibi
799 475 938 515 dwtum

216 541 361 579 TOLLn
381 555 548 579 memor:
541 504 685 579 ncertis
702 540 860 579 medium
877 547 914 580 et
930 540 1122 580 tolerabile
1138 542 1249 580 rebus

219 606 334 645 Recte
350 605 511 644 concedi.

922 658 976 696 A.
993 657 1106 697 Poet.
1128 659 1217 700 367.

216 735 522 780 Quinctilianum
554 736 686 783 etiam,
731 738 842 787 cujus
865 735 1015 787 judicio
1045 735 1271 788 gravissimo

216 802 381 839 multum
401 801 648 838 tribuendum
667 807 740 848 est,
768 801 873 838 hunc
890 801 940 838 de
958 799 1113 838 Lucilio
1138 800 1270 838 locum

214 866 352 904 eodem
370 878 486 905 sensu
504 865 703 917 accepisse
722 878 774 903 ex
790 865 918 903 verbis
949 864 1068 916 ipsius
1086 864 1269 903 manifes-

214 937 298 968 tum
317 937 400 968 est:
430 934 457 953 “
487 929 613 968 Satira
644 929 801 981 quidem
830 936 914 967 tota
944 936 1077 968 nostra
1107 937 1191 975 est3
1228 930 1269 968 in

216 999 245 1020 “
273 1008 349 1047 qua
360 995 552 1046 insignem
565 993 720 1032 laudem
738 993 901 1045 adeptus
918 1000 978 1033 est
990 993 1178 1041 Lucilius,
1202 995 1269 1046 qui

214 1064 242 1084 ‘⁴
271 1060 458 1111 quosdam
477 1059 532 1097 ita
549 1058 701 1097 deditos
728 1058 801 1096 sibi
818 1058 947 1096 adhuc
973 1058 1094 1097 habet
1120 1067 1268 1099 amato-

215 1129 243 1148 “
271 1138 346 1170 res,
375 1131 419 1162 ut
437 1137 525 1162 eum
543 1137 622 1161 non
639 1123 814 1174 ejusdem
840 1123 957 1160 modo
976 1123 1103 1174 operis
1133 1131 1268 1163 aucto-

215 1193 244 1215 “
270 1189 390 1235 ribus,
405 1188 475 1226 sed
492 1188 670 1226 omnibus
687 1187 828 1239 poetis,
846 1186 1041 1238 praeferre
1059 1200 1139 1227 non
1157 1188 1268 1227 dubi·

216 1258 244 1277 “
271 1260 369 1291 tent.
422 1252 524 1303 Ego,
556 1259 744 1304 quantum
762 1252 811 1290 ab
830 1251 918 1298 illis,
945 1259 1096 1290 tantum
1114 1253 1163 1290 ab
1182 1253 1268 1292 Ho-

212 1322 241 1343 “
269 1317 367 1356 ratio
386 1317 587 1364 dissentio,
615 1316 680 1368 qui
699 1315 887 1354 Lucilium
889 1315 1021 1366 fluere
1033 1315 1266 1365 lutulentum,

209 1387 238 1406 “
268 1390 309 1420 et
325 1395 402 1420 esse
420 1393 621 1427 Anatim,
640 1381 740 1432 quod
750 1391 942 1418 ‘romena
955 1381 1092 1432 possis,
1109 1383 1265 1432 putat.”

211 1446 309 1484 Inst.
325 1446 434 1484 Orat·
446 1445 496 1482 X.
518 1448 552 1483 1.
598 1444 660 1482 Ex
680 1445 739 1482 his
753 1446 879 1484 verbis
897 1445 990 1484 satis
1007 1441 1161 1484 constat
1178 1446 1265 1485 Ho-

211 1510 300 1549 ratii
318 1510 367 1548 de
380 1509 533 1548 Lucilio
546 1508 736 1559 judicium
751 1510 1015 1552 Quinctiliano
1029 1511 1142 1549 nimis
1157 1524 1266 1550 acer-

210 1576 304 1613 bum
321 1574 446 1613 visum
463 1573 594 1612 fuisse.
649 1573 741 1621 Sed,
761 1574 792 1612 si
811 1574 940 1613 tollere
956 1589 1027 1627 pro
1044 1574 1179 1623 delere,
1206 1590 1265 1615 re-

210 1640 347 1686 cidere,
374 1639 654 1694 acciperemus,
682 1640 1006 1690 quemadmodum
1021 1639 1265 1679 Burmannus

209 1703 481 1755 accipiendum
494 1704 710 1750 contendit,
724 1704 819 1742 levis
830 1705 1007 1755 profecto
1019 1711 1122 1743 esset
1133 1717 1267 1756 repre«

206 1768 345 1806 hensio
365 1767 534 1813 Horatii,
554 1768 621 1818 qui
637 1780 823 1809 ALIQmD
836 1770 953 1807 etiam
967 1769 1007 1807 in
1025 1783 1159 1821 magno
1178 1770 1262 1808 Ho-

206 1846 308 1871 mero
337 1843 618 1880 TOLLENDUM,
650 1832 945 1885 (auferendum)
982 1840 1026 1872 ut
1052 1833 1261 1884 reprehen-

207 1897 316 1935 sione
335 1896 509 1947 dignum,
537 1898 730 1935 concedit.
784 1898 1039 1944 Burmannus,
1058 1897 1191 1945 nimio,
1215 1906 1261 1937 ut

205 1961 373 2007 videtur,
393 1960 632 1999 Gallicorum
652 1962 906 2013 interpretum
938 1969 1178 2012 contemptu,
1209 1975 1260 2000 ne

208 2025 336 2063 dicam
355 2025 458 2071 odio,
485 2026 682 2076 abreptus,
709 2026 836 2064 minus
855 2035 962 2065 recte
981 2026 1087 2064 hunc
1106 2025 1260 2064 Horatii

205 2089 335 2127 locum
355 2089 569 2140 explicasse
589 2091 806 2129 censendus
824 2098 895 2129 est.
949 2089 1038 2128 Vid.
1062 2091 1146 2142 ejus
1179 2089 1260 2129 No-

208 2160 286 2196 tam
304 2154 355 2192 ad
372 2153 530 2196 Quinct.
549 2154 599 2192 X.
620 2158 655 2194 l.
