1378 2534
110 299 146 324 v»
157 285 224 325 90.
394 280 712 322 SERMONUM
766 276 798 318 Ῑ.
851 280 889 318 ii.
1141 284 1165 316 Ω

112 393 203 433 Hoc
220 392 275 432 illi
301 392 435 432 recte?
462 402 513 431 ne
534 391 708 443 corporis
726 389 870 443 optima
894 387 1044 441 Lyncei

113 457 386 509 Cmoemplere
404 456 541 503 oculis,
561 449 747 508 Hypsaea
765 455 917 493 caecior
935 454 1014 500 illa,

112 521 223 566 Quae
234 521 335 560 mala
345 526 449 568 sunt,
456 527 621 572 spectes.
641 520 678 557 Ο
691 520 790 557 crus!
804 518 1000 557 obrachia!
1015 517 1161 564 Verum·

111 586 302 639 Depygis,
319 593 470 631 nasuta,
487 585 596 622 brevi
609 584 745 630 latere,
760 597 805 622 ac
823 583 923 634 pede
942 582 1073 634 longo,
1088 590 1159 621 est.

110 651 318 689 Matronae
334 656 489 702 praeter
506 647 646 687 faciem
665 648 718 685 nil
738 660 897 686 cernere
915 648 1051 699 possis,

112 717 267 762 Cetera,
293 715 333 753 ni
352 714 464 754 Catia
481 720 554 760 est,
573 712 737 751 demissa
752 719 860 750 veste
877 711 1059 763 tegentis.

114 781 155 819 Si
171 777 378 819 interdicta
393 786 518 831 petes,
542 778 643 816 vallo
657 776 908 823 circumdata,
936 789 1024 815 nam
1043 782 1084 814 te

113 845 205 884 Hoc
220 844 315 883 facit
331 844 521 889 insanum,
539 843 683 880 multae
707 842 777 880 tibi
800 850 882 879 turn
897 840 1065 880 officient
1084 854 1161 884 res;

113 908 317 956 Custodes,
343 907 497 953 lectica,
525 906 739 953 ciniflones,
766 906 968 958 parasitae‚

114 969 181 1010 Ad
195 971 294 1011 talos
311 972 410 1011 stola
427 971 605 1017 demissa,
620 978 660 1009 et
678 969 916 1009 circumdata
934 967 1036 1021 palla

114 1036 297 1083 Plurima,
328 1046 427 1087 quae
446 1036 642 1073 invideant
658 1046 755 1086 pure
774 1046 960 1085 apparere
978 1034 1048 1071 tibi
1067 1047 1162 1072 rem.

115 1101 267 1147 Altera,
284 1097 344 1138 nil'
357 1100 506 1139 obstatz
533 1100 626 1138 Cois
643 1100 713 1137 tibi
730 1112 854 1151 paene
871 1100 1002 1138 videre
1020 1108 1080 1138 est

116 1165 173 1204 Ut
188 1163 331 1203 nudam
346 1178 357 1209 ;
383 1176 433 1202 ne
451 1176 563 1202 crure
581 1164 696 1210 malo,
725 1176 774 1201 ne
792 1163 842 1201 sit
863 1162 964 1215 pede
982 1164 1110 1215 turpi:

113 1228 249 1267 Metiri
265 1227 387 1280 possis
404 1228 518 1267 oculo
535 1229 648 1266 latus.
675 1229 741 1265 An
758 1227 830 1265 tibi
846 1226 966 1266 mavis

114 1292 276 1331 Insidias
292 1291 392 1340 fieri,
417 1292 662 1344 pretiumque
679 1290 836 1330 avellier
853 1299 956 1339 ante,

114 1358 240 1400 Quam
249 1368 419 1396 mercem
439 1356 616 1395 ostendi?
641 1355 835 1408 Leporem
850 1364 1011 1395 venator
1026 1365 1070 1396 ut
1085 1356 1164 1397 alta

112 1421 160 1471 In
173 1421 261 1459 nive
277 1427 462 1475 sectetur,
476 1421 642 1472 positum
660 1421 715 1458 sic
726 1428 886 1472 tangere
905 1420 1013 1468 nolit,
1051 1424 1164 1472 [nam

114 1486 272 1530 Cantat3
289 1493 330 1524 et
346 1485 519 1538 apponit,
539 1485 674 1524 ‘Meus
692 1493 752 1524 est
769 1499 877 1524 amor
897 1487 989 1525 huic
1007 1488 1139 1527 similis
1154 1498 1165 1533 ·;

115 1549 341 1588 Transvolat
359 1551 398 1588 in
414 1550 543 1588 medio
561 1550 700 1602 posita,
719 1558 758 1588 et
771 1551 961 1602 fugientia
979 1553 1137 1604 captat-⁹

115 1613 288 1654 Hiscene
305 1614 501 1651 versiculis
519 1627 649 1665 speras
667 1615 737 1652 tibi
754 1629 868 1666 posse
892 1616 1059 1663 dolores,

115 1677 249 1728 Atque
266 1683 407 1724 aestus,
426 1691 611 1729 curasque
630 1692 779 1730 graves,
798 1693 820 1717 e
838 1687 998 1730 pectore
1016 1682 1133 1731 pelli?

115 1741 271 1787 Nonne,
291 1741 532 1792 cupidinibus
545 1749 688 1780 statuat
704 1743 854 1780 Natura
863 1744 1020 1782 modum
1033 1759 1161 1796 quem,

116 1805 220 1848 Quid
236 1805 373 1852 latura,
391 1804 463 1843 sibi
482 1805 575 1857 quid
593 1805 642 1844 sit
659 1806 826 1845 dolitura
843 1815 1040 1859 negatum,

117 1870 313 1912 Quaerere
326 1870 412 1920 plus
425 1870 597 1922 prodest,
609 1877 648 1908 et
661 1870 774 1909 inane
788 1867 1014 1911 abscindere
1026 1874 1160 1914 soldo?

117 1932 235 1979 Num,
252 1933 323 1971 tibi
342 1947 431 1972 curn
447 1933 579 1973 fauces
594 1934 671 1972 urit
688 1934 782 1981 sitis,
801 1948 918 1974 aurea
935 1939 1086 1988 quaeris

117 1995 291 2036 Pocula?
319 2011 412 2036 num
430 1998 601 2037 esuriens
618 1999 765 2038 fastidis
784 2000 912 2039 omnia
928 2010 1083 2052 praeter

117 2059 323 2108 Pavonem,
330 2062 631 2115 rhombumque?
648 2072 798 2103 tument
809 2065 879 2103 tibi
890 2077 978 2103 cum
993 2067 1164 2118 inguina,

97 2179 103 2181 -
244 2138 249 2142 ’
318 2139 425 2174 num,
443 2128 475 2166 si

119 2187 288 2236 Ancilla,
294 2197 360 2228 aut
366 2204 484 2230 verna
490 2198 547 2231 est
553 2199 707 2244 praesto
718 2192 996 2246 puer,impetus
1003 2195 1041 2232 in
1049 2207 1163 2247 quem

172 2252 239 2290 To
247 2267 290 2290 Μ.
323 2254 383 2292 ΙΙ.
710 2259 742 2296 Β
