1378 2534
98 294 135 326 v.
151 286 215 326 25.
370 277 691 322 SERMONUM
741 277 775 316 1.
825 277 877 315 im
1099 276 1147 316 17

101 393 261 447 culpari
278 392 428 445 dignos.
454 389 639 434 Quemvis
656 387 785 427 medis
801 385 903 438 elige
919 385 1058 429 turbaz

102 459 188 498 Ant
203 458 255 497 ob
270 456 483 503 avaritiam,
509 462 577 494 aut
594 453 736 492 misera
750 451 958 490 ambitione
985 450 1148 488 laborat·

106 519 185 561 Hic
201 530 408 573 nuptarum
426 519 568 558 insanit
584 517 792 563 amoribus,
818 516 883 554 hic
899 528 1108 567 puerorum
1119 528 1131 552 x

105 582 224 627 Hau:
240 585 346 637 capit
361 585 513 636 argenti
530 583 875 636 splendor38tupet
886 580 1027 619 Albius
1042 593 1147 619 aere:

103 646 186 687 Hie
202 656 323 688 nutat
339 661 490 687 merces
506 654 691 699 surgente
708 658 732 683 a
750 645 841 683 Sole
858 644 909 682 ad
925 657 1015 682 eum
1034 657 1113 696 quo

104 711 336 763 vesperam
351 720 462 765 tepet
478 712 609 763 regim
627 710 720 762 quin
737 722 809 761 per
826 709 927 747 mala
942 721 1130 760 praeceps

106 775 259 823 Fertur,
286 778 342 816 mi
358 778 485 830 pulvis
501 776 690 815 collectus
705 775 876 822 turbine,
902 787 952 812 ne
976 774 1071 826 quid

106 841 266 880 Summa
281 841 468 892 deperdat
483 849 676 886 metuens,
703 847 771 877 aut
788 839 947 891 ampliet
964 846 1010 877 ut
1026 852 1120 878 rem.

103 905 251 944 Omnes
266 906 317 944 1ιί
326 912 503 947 metuunt
518 918 664 952 versus,
690 904 809 943 odere
824 905 1009 956 poe'tas.

103 969 252 1009 Fenum
261 969 427 1008 habetin
437 969 799 1020 σοιιιιιᾼοιιςεΐιιςε.
810 968 1020 1007 dummodo
1030 969 1149 1008 risum

105 1033 293 1072 Excutiat
309 1033 397 1079 sibi,
421 1045 499 1070 non
516 1033 581 1071 hic
598 1034 776 1083 cuiquam
794 1041 929 1083 parcet
945 1034 1072 1073 amico
1087 1050 1100 1079 ;

106 1097 173 1144 Et,
190 1097 449 1148 quodcunque
467 1097 586 1134 semel
599 1096 742 1133 chartis
759 1095 936 1143 illeverit,
954 1111 1089 1136 omnes

104 1161 261 1200 Gestiet
275 1173 301 1198 a
315 1159 430 1198 furno
446 1160 654 1199 redeuntes
670 1160 770 1198 scire
787 1160 967 1214 lacuque,

105 1226 160 1265 Et
168 1237 310 1278 pueros
319 1232 479 1264 annu&
505 1225 704 1273 Agedum,
721 1235 848 1274 pauca
855 1227 993 1276 accipe
1002 1235 1152 1268 contra.

105 1291 278 1330 Primum
304 1302 380 1340 ego
406 1301 470 1326 me
497 1286 665 1334 illorum,
699 1287 871 1326 dederim
899 1289 1039 1340 quibus
1065 1305 1151 1331 esse

287 1353 455 1404 posita&

104 1418 504 1469 Excerpamnumero·
515 1418 1154 1468 nequeenimconcludereversum

103 1481 264 1521 Dixeris
279 1481 487 1525 meatim
506 1493 648 1532 neque,
664 1481 698 1518 si
715 1483 801 1532 quis
817 1483 974 1530 scribat,
993 1486 1051 1522 uti
1067 1498 1152 1533 nos,

106 1545 283 1589 Sermoni
298 1544 491 1597 propiora,
508 1553 622 1596 putes
639 1545 745 1583 hunc
762 1558 846 1584 esse
863 1550 1031 1598 poe'tam.

75 1642 78 1645 Α
103 1610 310 1662 Ingenium
327 1610 392 1648 cui
408 1611 473 1656 sit,
492 1610 555 1648 cui
572 1623 683 1648 mens
700 1610 878 1658 divinior,
895 1620 1012 1664 atque
1030 1628 1075 1653 os

103 1674 254 1726 Magna
268 1682 509 1721 sonatumm,
525 1674 594 1712 des
611 1674 777 1713 nominis
793 1675 909 1726 hujus
927 1677 1126 1717 honorem.

103 1737 260 1776 Idcirco
275 1737 446 1788 quidam,
465 1738 677 1776 Comoedia
692 1751 817 1776 necne
834 1742 975 1790 poe’ma

105 1803 234 1850 Esset,
261 1803 507 1854 quaesivere;
535 1803 640 1854 quod
656 1815 748 1841 acer
764 1804 935 1855 spiritus,
952 1818 1000 1844 ac
1017 1807 1089 1856 vis,

102 1867 191 1906 Nec
205 1867 334 1906 verbis
351 1879 426 1905 nec
443 1868 558 1906 rebus
573 1868 694 1912 inaet3
711 1867 783 1905 nisi
795 1869 900 1920 quod
912 1869 1014 1920 pede
1024 1880 1135 1912 certo

102 1930 245 1969 Differt
261 1932 443 1978 sermoni,
460 1945 587 1970 sermo
604 1944 745 1970 merus.
773 1933 829 1970 At
846 1940 958 1984 pater
974 1935 1114 1975 ardens

105 1994 250 2042 Saevit,
276 1996 382 2047 quod
396 1997 602 2034 meretrice
620 2009 739 2048 nepos
753 1997 909 2036 insanus
925 1999 1051 2038 amica

105 2057 224 2097 Filius
249 2072 412 2098 uxorem
428 2061 566 2112 grandi
585 2074 674 2100 cum
692 2062 784 2100 dote
802 2069 979 2107 recuset;

106 2120 247 2161 Ebrius
263 2131 318 2171 et,
335 2137 517 2176 magnum
531 2126 633 2177 quod
648 2126 832 2174 dedecus,
850 2127 1022 2165 ambulet
1041 2135 1133 2168 ante

105 2184 274 2225 Noctem
291 2201 381 2227 cum
396 2188 558 2229 facibus.
577 2190 777 2244 Numquid
790 2190 1027 2245 Pomponius
1042 2192 1125 2233 istis

154 2250 268 2291 Τοκ.
289 2252 348 2292 11.
629 2255 664 2294 C
