1378 2534
203 269 255 310 68
475 265 794 307 sERMoNUM
845 267 900 307 11.
934 280 988 308 v.

206 376 280 416 Me
293 389 399 425 sene,
415 379 519 430 quod
537 378 676 426 dicam,
703 379 851 418 factum
865 386 936 417 est.
956 378 1068 416 Anus
1085 376 1261 428 improba

206 439 270 479 Ex
289 448 521 480 testamento
539 442 595 480 sic
614 449 673 480 est
691 442 817 480 elata:
837 442 999 481 cadaver
1090 439 1260 491 [Thebis

208 505 383 551 Unctum
403 507 489 546 oleo
507 508 615 558 largo
635 507 749 546 nudis
766 508 938 546 humeris
955 507 1046 545 tulit
1064 506 1200 550 heres;

208 569 368 608 Scilicet
386 571 487 609 elabi
506 571 537 609 si
556 579 689 622 posset
708 579 887 611 mortua:
916 572 1047 618 credo,

206 634 324 676 Quod
339 635 499 672 nimium
518 636 709 673 institerat
727 637 884 676 viventi.
913 636 1059 674 Cautus
1077 634 1182 672 adito
1195 647 1207 670 e

207 698 297 736 Neu
318 699 419 737 desis
438 713 592 750 operae,
620 713 719 738 neve
738 700 1013 739 immoderatus
1031 699 1218 738 abundes.

206 763 416 801 Difficilem
436 771 476 801 et
494 776 689 801 morosum
708 763 877 802 offendet
895 764 1082 816 garrulus.
1112 764 1227 803 Ultro

204 828 296 866 Non
316 828 432 866 etiam
452 827 577 865 sileas.
606 827 740 864 Davus
758 828 809 865 sis
828 828 1020 871 comicus3
1038 835 1156 879 atque

206 892 294 930 Stes
313 893 440 943 capite
459 891 625 942 obstipo,
644 891 808 928 multum
823 892 955 929 similis
974 891 1177 929 metuenti.

204 957 405 1008 Obsequio
423 969 597 1008 grassare
613 970 622 992 ε
650 969 779 1002 mone,
799 957 831 995 si
849 956 1064 995 increbruit
1081 946 1188 1004 aura,
1252 1007 1256 1011 ,

205 1022 353 1060 Cautus
372 1021 429 1059 uti
447 1022 551 1059 velet
570 1033 701 1059 carum
721 1029 861 1072 caput:
879 1022 1042 1060 extrahe
1060 1021 1178 1059 turba
1191 1022 1217 1046 L*-
1241 1032 1256 1073 ξ

205 1086 405 1138 Oppositis
422 1086 618 1124 humeris:
638 1098 769 1124 aurem
789 1085 1009 1137 substringe
1027 1085 1195 1137 loquaci.

202 1150 454 1202 Importunus
472 1158 575 1189 amat
592 1151 769 1190 laudari?
790 1151 929 1197 donec,
949 1150 1038 1188 Ohe
1051 1150 1153 1201 jam!
1177 1140 1180 1141 ⁷
1200 1146 1214 1173 ³
1228 1141 1253 1173 -Ᾰ

203 1216 271 1253 Ad
289 1217 441 1254 coelum
460 1215 637 1254 manibus
656 1216 815 1254 sublatis
841 1216 999 1262 dixerit,
1018 1228 1158 1266 urgue,
1177 1222 1219 1253 et
1237 1205 1242 1211 ⁵

206 1280 458 1318 Crescentem
477 1280 635 1318 tumidis
654 1280 746 1317 infla
763 1280 1004 1318 sermonibus
1023 1286 1161 1317 utrem.
1212 1298 1216 1301 -
1254 1268 1257 1270 ‚

204 1345 304 1382 Cum
322 1351 362 1382 te
377 1344 531 1382 servitio
550 1344 668 1394 longo
687 1355 857 1395 curaque
876 1343 1025 1389 levarit,

201 1406 254 1446 Et
273 1416 422 1446 certum
440 1409 617 1459 vigilans,
636 1409 807 1450 Quartae
826 1415 909 1446 esto
927 1407 1046 1458 partis
1066 1406 1218 1454 Ulixes,

203 1473 402 1520 Audieris,
422 1473 535 1511 heres
551 1489 560 1518 ;
580 1473 686 1524 Ergo
705 1486 810 1510 nunc
828 1472 955 1509 Dama
973 1471 1114 1510 sodalis

198 1535 402 1587 Nusquam
421 1540 500 1575 est!
531 1537 635 1575 unde
654 1537 748 1573 mihi
761 1543 841 1574 tam
854 1536 1010 1582 fortem,
1033 1542 1190 1587 tamque
1208 1535 1253 1573 fi-

404 1602 531 1639 delem
543 1602 557 1640 3
1171 1603 1254 1651 [est

201 1667 348 1719 Sparge
363 1666 526 1704 subinde
539 1681 549 1710 ;
568 1673 621 1712 et,
636 1665 668 1703 si
681 1665 852 1717 paullum
864 1672 990 1716 potes,
1004 1665 1250 1703 illacrimare:

199 1731 353 1769 Gaudia
372 1731 601 1782 prodentem
620 1731 768 1768 vultum
788 1730 927 1767 celare.
957 1728 1202 1780 Sepulcrum,

198 1796 433 1835 Permissum
453 1795 625 1840 arbitrio,
645 1795 727 1832 sine
741 1794 919 1833 sordibus
937 1800 1112 1832 exstrue:
1131 1793 1250 1832 funus

198 1860 370 1911 Egregie
388 1859 535 1897 factum
555 1858 687 1897 laudet
705 1859 857 1896 vicinia.
887 1858 927 1896 Si
947 1857 1032 1908 quis

201 1924 318 1962 Forte
338 1924 574 1961 coheredum
592 1924 719 1962 senior
737 1909 837 1960 male
855 1922 1015 1965 tussiet;
1042 1921 1133 1959 huic
1151 1927 1196 1959 tu

197 1989 299 2035 Dic,
317 2001 366 2026 ex
386 1995 496 2038 parte
515 1995 595 2034 tua,
624 2001 693 2025 seu
710 1987 822 2027 fundi
849 1986 927 2024 sive
947 1986 1083 2024 domfls
1102 1986 1152 2023 sit

198 2053 350 2098 Emtor,
369 2051 603 2103 gaudentem
622 2064 780 2089 nummo
806 2057 845 2088 te
863 2050 1057 2088 addicere.
1088 2050 1166 2088 Sed
1183 2062 1247 2089 me

198 2117 410 2173 Imperiosa
429 2116 546 2154 trahit
566 2115 819 2168 Proserpina:
846 2114 945 2162 vive,
968 2114 1142 2166 valeque,
