1378 2534
206 223 261 266 6⁴0
443 222 765 262 SERMONUM
818 221 871 262 ΙΙ.
923 223 977 263 iii.
1118 237 1156 264 v.
1173 227 1262 267 286.

209 334 425 388 Exciperet
442 334 632 382 dominus,
661 347 750 373 cum
767 334 967 374 venderet.
995 333 1087 374 Hoc
1105 348 1261 388 quoque

415 400 553 451 vulgus

212 465 453 518 Chrysippus
471 464 582 517 ponit
599 463 768 503 fecunda
785 464 826 503 in
842 472 962 516 gente
981 465 1159 504 Meneni.

209 531 379 582 Jupiter,
400 530 578 580 ingentes
597 529 663 581 qui
682 530 750 569 das
768 530 984 582 adimisque
1001 530 1169 577 dolores,

210 595 343 634 Mater
361 595 414 633 ait
432 594 542 647 pueri
561 607 714 633 menses
726 596 808 645 Jam
824 594 996 647 quinque
1015 595 1206 642 cubantis,

210 661 369 712 Frigida
385 661 417 698 si
436 672 597 711 puerum
619 667 807 711 quartana
824 659 1038 712 reliquerit,
1065 660 1132 699 illo

205 726 332 765 ‘Mane
352 725 430 772 die,
450 738 530 777 quo
549 732 592 763 tu
611 725 750 763 indicis
763 725 927 776 jejunia,
945 725 1074 763 nudus

210 792 257 829 In
278 791 410 829 Tiberi
429 791 558 828 stabit.
588 791 710 828 Casus
728 790 951 828 medicusve
968 790 1106 829 levarit

210 857 387 907 Aegrum
407 868 458 893 ex
476 855 680 906 praecipiti
695 870 706 898 ;
733 862 857 892 mater
875 853 999 892 delira
1016 853 1172 894 necabit

208 918 255 959 In
275 921 404 972 gelida
420 920 542 958 fixum
561 920 657 970 ripa,
675 919 893 971 febrimque
910 919 1087 957 reducet.

209 987 351 1029 Quone
369 985 472 1023 malo
489 991 661 1022 mentem
679 985 895 1023 concussa?
914 984 1055 1022 timore
1073 983 1247 1022 deorum.

212 1051 327 1089 Haec
345 1050 439 1087 mihi
459 1049 681 1095 Stertinius,
700 1049 919 1099 sapientum
937 1055 1111 1095 octavus,
1129 1048 1256 1087 amico
1312 1087 1319 1093 ,

213 1117 339 1154 Arma
356 1114 479 1160 dedit,
497 1113 661 1165 posthac
680 1125 730 1151 ne
750 1112 1006 1165 compellarer
1021 1112 1181 1152 inultus.

212 1179 375 1218 Dixerit
391 1179 568 1216 insanum
588 1178 654 1229 qui
672 1190 748 1225 me,
767 1177 933 1216 totidem
949 1176 1106 1216 audiete
1123 1184 1242 1230 atque

213 1244 428 1296 Respicere
447 1244 582 1294 ignoto
600 1243 725 1280 discet
742 1241 955 1293 pendentia
971 1250 1095 1294 tergo.

270 1308 416 1354 Stoice,
435 1314 524 1359 post
542 1307 725 1344 damnum
744 1306 800 1344 sic
817 1306 964 1344 vendas
982 1306 1111 1344 omnia
1132 1306 1268 1357 pluris,

213 1375 339 1417 Quam
352 1386 414 1411 me
427 1372 645 1418 stultitiam,
653 1371 833 1423 quoniam
845 1385 923 1410 non
932 1379 990 1410 est
1001 1385 1126 1424 genus
1132 1385 1267 1420 unum,

212 1438 388 1477 Insanire
406 1437 545 1488 putas?
566 1449 642 1487 ego
660 1449 748 1473 nam
763 1435 897 1474 videor
913 1431 1010 1473 mihi
1025 1449 1154 1478 sanus.

211 1503 338 1546 Quid?
355 1508 473 1552 caput
490 1501 702 1539 abscissum
720 1500 897 1538 manibus
909 1514 998 1539 cum
1016 1508 1146 1552 portat
1160 1502 1265 1553 Aga-

213 1567 335 1606 Gnati
354 1566 532 1612 infelicis,
552 1565 624 1604 sibi
642 1572 725 1603 tum
742 1565 886 1603 furiosa
904 1565 1085 1604 videtur?
1198 1567 1269 1616 [ve
1324 1592 1330 1596 -

216 1632 388 1671 Stultum
406 1643 469 1668 me
487 1630 626 1676 fateor,
645 1630 763 1668 liceat
780 1630 999 1668 concedere
1017 1630 1131 1677 veris,
1181 1632 1268 1680 [me

214 1697 350 1748 Atque
370 1696 486 1734 etiam
505 1689 706 1733 insanum:
724 1702 875 1733 tantum
894 1695 970 1733 hoc
988 1695 1170 1742 edissere,
1189 1708 1268 1746 quo

216 1762 435 1812 Aegrotare
450 1767 567 1812 putes
585 1759 704 1798 animi
721 1759 828 1798 vitio.
856 1760 1033 1811 Accipe:
1051 1760 1218 1811 primum

215 1826 415 1864 Aedificas
430 1842 440 1869 ;
458 1825 532 1863 hoc
553 1832 625 1871 est,
644 1824 780 1875 longos
798 1823 972 1870 imitaris,
990 1824 1039 1863 ab
1058 1824 1135 1862 imo

216 1891 283 1928 Ad
301 1903 493 1928 summum
513 1897 618 1927 totus
635 1888 782 1926 moduli
798 1888 1001 1940 bipedalis,
1019 1896 1060 1927 et
1073 1888 1189 1937 idem,

215 1956 391 2006 Corpore
410 1956 609 2005 majorem,
636 1954 740 1992 rides
758 1953 950 1991 Turbonis
969 1953 1007 1990 in
1026 1953 1142 1992 armis

219 2019 405 2070 Spiritum
418 2025 458 2056 et
477 2019 692 2056 incessum:
715 2019 780 2069 qui
801 2017 986 2056 ridiculus
1003 2018 1130 2056 minus
1147 2018 1242 2058 illo?

218 2083 566 2134 An,quodcunque
579 2081 674 2120 facit
687 2082 958 2128 Maecenas,te
971 2095 1125 2134 quoque
1137 2096 1271 2122 verum

218 2148 346 2191 Tanto
357 2147 592 2195 dissimilem,
608 2154 649 2186 et
662 2154 771 2186 tanto
783 2155 933 2187 certare
944 2147 1154 2187 minorem?
1174 2149 1271 2198 [εις
