1378 2534
521 243 789 284 NOTULAE
1099 244 1177 282 215

375 336 423 362 nt
449 335 534 362 ιη.
562 335 591 360 1.
617 330 934 360 zmsromnuu.

136 429 253 461 notae
268 420 383 459 codd.
402 420 518 458 etiam
542 426 682 456 veterr.
700 416 951 468 Bhndjusto
966 421 1175 467 sanctoque.

186 485 262 524 XV
261 485 316 523 Π.
339 487 406 523 43.
460 484 536 521 Suo
547 482 694 519 habent
703 480 791 518 libri
802 492 936 518 omnes
947 487 1029 517 tum
1042 478 1177 530 scripti

135 556 217 588 tum
234 547 342 595 editi,
368 554 522 598 praeter
540 544 705 583 Bentleii
732 544 820 582 cod.
839 543 1081 589 Petrensem,
1107 543 1174 594 qui

132 627 202 651 m
219 612 395 657 exhibet,
421 611 600 662 quodque
627 608 755 646 Bentl.
781 615 822 645 et
847 607 1040 645 Baxterm
1064 607 1177 645 avide

133 677 390 729 urripuerunt.
443 674 582 713 Utrum
615 672 824 711 lectionem
852 672 1033 723 amplecti
1067 671 1177 718 velis,

135 753 272 792 parum
298 739 442 778 referre
467 738 642 776 videtur:
668 750 757 775 nam
782 749 905 774 coram
931 749 1019 788 rqe
1034 736 1100 774 hic
1117 743 1178 773 est

135 815 268 842 corum
284 815 377 854 rege
392 815 473 848 sno,
490 801 517 839 i.
531 813 567 839 e.
584 800 710 838 amico
726 812 797 837 suo
814 798 933 836 divite
947 806 987 836 et
1006 798 1155 849 potenti
1166 815 1180 844 ;

135 874 178 907 et
187 867 460 920 depanpertate
471 872 531 904 est
542 865 591 903 de
605 870 835 915 paupertate
843 875 933 900 wa.
987 862 1029 900 Si
1043 863 1174 914 itaque

136 931 370 983 adjectivum
386 943 474 968 snus
491 942 581 968 cum
598 929 785 966 alterutro
811 926 1050 965 substantivo
1067 926 1178 965 effer-

139 1002 218 1042 tur,
236 1008 325 1034 cum
341 995 464 1032 altero
482 993 646 1043 intelligi
664 1005 823 1030 necesse
840 999 914 1030 est.

188 1059 340 1097 XVIII.
368 1061 429 1097 15.
482 1056 606 1096 Codd.
633 1056 809 1107 plerique
828 1069 917 1094 cum
934 1056 1024 1094 edd.
1041 1057 1177 1108 priscis

138 1124 318 1168 νίπτειν,-
359 1122 436 1160 duo
461 1134 512 1159 ex
540 1120 772 1170 cruquianis
798 1119 954 1157 rixatus.
1018 1121 1182 1161 Rimtor

139 1188 245 1238 eonj.
261 1186 457 1232 Muretus,
487 1185 625 1236 probat
655 1183 850 1235 Cuningh.
876 1192 919 1223 et
944 1197 1037 1223 vera
1063 1185 1183 1224 lectio

138 1250 303 1289 videtur.

152 1315 253 1356 ·.37
304 1314 382 1352 Pro
399 1314 523 1360 ιιΗὸω,
541 1314 646 1365 quod
659 1278 847 1351 exhibent
860 1313 974 1352 codd.
991 1314 1181 1366 plerique,

136 1387 178 1419 et
193 1379 283 1418 edd.
310 1391 459 1424 omnes,
494 1377 670 1416 dedimus
694 1390 747 1415 ex
765 1378 916 1416 duobus
943 1378 1181 1418 Bentleianis

138 1443 256 1490 illius,
273 1443 379 1495 quod
395 1443 514 1481 habet
531 1443 649 1481 etiam
668 1442 757 1480 cod.
784 1441 896 1480 Gou-
914 1442 1093 1481 Gesneri.

189 1511 254 1547 56.
319 1507 397 1545 Pro
426 1507 531 1557 vulg.
561 1506 698 1557 ''fi-rit,
725 1506 814 1544 libri
843 1507 1019 1559 plerique
1047 1508 1184 1560 rql'ge‘t.

140 1570 282 1623 Rffin't
294 1583 385 1609 vera
400 1571 518 1608 lectio
535 1570 700 1607 videtur.

188 1637 253 1674 58.
303 1634 382 1672 Pro
397 1633 509 1680 absis,
535 1633 664 1671 Bentl.
682 1635 784 1684 conj.
798 1634 930 1672 obstes.

187 1699 252 1740 77.
303 1697 383 1735 Pro
395 1698 591 1749 pudorem,
611 1697 704 1735 sax.
724 1697 815 1736 coll.
834 1697 1015 1736 ruborem.

198 1765 263 1801 80.
316 1761 394 1798 Pro
411 1766 466 1807 ut,
492 1760 621 1798 Bentl.
638 1763 741 1811 conj.
757 1767 812 1800 at.

193 1828 257 1864 81.
310 1824 388 1862 Pro
398 1824 503 1875 vulg.
510 1825 707 1876 fidentem,
726 1825 905 1863 Bentl.et
916 1826 1111 1878 Cuningh.
1132 1839 1185 1865 ex

144 1889 403 1928 vetustissimo
416 1889 566 1927 Barthii
584 1888 720 1928 codice
737 1889 1111 1940 dedemntfiderater.

190 1956 255 1992 91.
310 1952 444 1991 Media
461 1953 508 1991 de
525 1964 635 1992 Luca
654 1955 758 2003 conj.
775 1953 905 1992 Bentl.
922 1962 964 1992 et
991 1955 1186 2006 Cuningh.

141 2021 169 2042 ⁶⁴
188 2017 345 2054 Peiores
368 2029 477 2054 acres
491 2017 647 2055 oderam
665 2025 704 2054 te
718 2026 960 2056 recusantem
976 2019 1189 2070 bibet-epo-

144 2084 172 2103 “
189 2078 271 2117 cula
285 2079 454 2126 falerni,
465 2088 554 2132 post
567 2080 732 2118 mediam
747 2088 901 2120 noctem
915 2081 985 2119 tibi
996 2089 1187 2133 porrecta,

144 2146 171 2182 ‘.‘
190 2142 470 2197 quamvisjures
483 2152 523 2183 te
539 2157 717 2185 recusare
730 2145 780 2184 ob
790 2152 938 2184 metum
954 2152 1084 2184 aestus
1094 2158 1188 2184 noc-
