1378 2534
141 252 178 278 v.
195 239 259 281 97.
382 233 785 276 EPISTOLARUM
836 234 891 273 11.
943 235 982 274 ii.
1120 238 1196 279 189

145 347 367 395 Caedimur,
381 353 424 386 et
439 346 603 385 totidem
616 345 742 397 plagis
754 344 1015 384 consumimus
1027 344 1195 392 hostem,

144 411 275 452 Lento
293 411 485 451 Samnites
502 410 553 448 ad
569 409 714 448 lumina
729 409 855 460 prims
871 409 1014 448 duello.

145 475 319 515 Discedo
338 475 509 514 Alcaeus
526 481 672 526 puncto
691 473 792 511 illius
803 487 815 511 :
842 473 907 512 ille
923 486 1011 512 meo
1029 473 1114 526 quis
1129 473 1144 512 ἓ

146 540 257 587 Quis,
274 540 348 578 nisi
366 538 655 579 Callimachus?
675 537 707 575 si
719 537 808 588 plus
824 550 1036 589 apposcere
1052 538 1170 586 visus,

145 603 209 642 Fit
227 604 496 650 Mimnermus,
515 611 555 642 et
573 602 704 654 optivo
722 602 954 653 cognomine
973 603 1127 642 crescit.

146 666 275 707 Multa
291 668 390 714 sero,
416 675 460 707 ut
476 667 626 719 placem
644 679 767 718 genus
783 667 969 706 irritabile
985 675 1131 714 vatum,
1203 720 1205 722 q

146 731 247 771 Cum
265 733 407 779 scribo,
426 739 467 771 et
483 731 647 783 supplex
664 730 798 782 populi
815 730 996 783 suffragia
1012 739 1128 783 capto
1138 746 1151 770 ε

143 795 271 844 Idem,
289 797 407 835 finitis
424 796 560 836 studiis
577 803 618 834 et
635 802 767 834 mente
782 802 954 847 recepta,

146 859 338 899 Obturem
355 861 534 913 patulas
524 873 680 912 impune
698 860 917 911 legentibus
934 873 1058 921 aures-

144 925 352 973 Ridentur,
369 926 470 964 mala
486 925 552 977 qui
571 931 809 976 componunt
826 925 1016 964 carmina:
1035 938 1171 964 verum

145 989 331 1032 Gaudent
347 990 576 1036 scribentes,
594 996 635 1028 et
651 1002 692 1028 se
709 996 957 1036 venerantur,
984 997 1026 1028 et
1043 989 1161 1037 ultro,

148 1055 189 1094 Si
207 1062 351 1102 taceas,
378 1055 551 1101 laudant,
578 1053 765 1105 quidquid
782 1053 984 1104 scripsere,
1001 1053 1119 1092 beati.

147 1120 220 1166 At,
239 1119 306 1171 qui
322 1119 539 1170 legitimum
557 1118 690 1170 cupiet
705 1117 843 1156 fecisse
860 1119 1014 1169 poema,

147 1183 247 1222 Cum
265 1183 406 1222 tabulis
423 1183 591 1221 animum
610 1181 781 1220 censoris
797 1189 924 1220 sumet
941 1182 1120 1226 honesti;

146 1247 335 1293 Audebit,
341 1259 597 1299 quaecunque
609 1259 746 1298 parum
756 1245 972 1297 splendoris
982 1246 1197 1294 habebunt,

146 1311 200 1350 Et
211 1311 293 1350 sine
303 1312 477 1363 pondere
491 1318 620 1357 erunt,
632 1317 673 1348 et
682 1310 830 1348 honore
841 1309 1000 1361 indigna
1008 1309 1198 1358 ferentur,

74 1382 78 1384 '
146 1374 278 1414 Verba
294 1388 450 1414 movere
467 1376 556 1413 loco
571 1390 582 1419 ;
608 1374 780 1426 quamvis
795 1374 918 1412 invita
932 1375 1135 1422 recedant,

148 1438 203 1478 Et
221 1446 426 1478 versentur
444 1440 573 1478 adhuc
591 1439 693 1478 intra
709 1439 924 1490 penetralia
939 1437 1097 1477 Vestae.

147 1505 366 1544 Obscuram
383 1504 449 1542 diu
466 1505 609 1556 populo
627 1505 752 1542 bonus
769 1510 896 1549 eruet,
922 1510 1042 1555 atque

147 1568 353 1607 Proferet
342 1582 382 1606 1n
399 1569 527 1607 lucem
545 1568 719 1620 speciosa
734 1567 925 1606 vocabula
940 1581 1083 1615 rerum,

147 1635 271 1680 Quae,
276 1632 411 1684 priscis
421 1639 634 1671 memorata
645 1632 857 1671 Catonibus
868 1639 984 1683 atque
997 1616 1199 1684 Cethegis,

146 1698 265 1736 Nunc
283 1697 378 1735 situs
395 1696 567 1735 informis
583 1697 737 1749 premit,
750 1704 791 1735 et
808 1697 963 1734 deserta
978 1703 1171 1735 vetustas.

148 1762 356 1814 Adsciscet
372 1773 486 1807 nova,
514 1774 613 1812 quae
631 1762 784 1813 genitor
801 1761 1031 1813 produxerit
1048 1774 1152 1799 usus.

146 1827 381 1873 Vehemens,
399 1832 440 1864 et
456 1825 638 1877 liquidus,
656 1839 831 1878 puroque
848 1826 1062 1864 simillimus
1079 1827 1215 1874 amni,-

145 1890 299 1928 Fundet
317 1901 424 1941 opes,
450 1889 683 1941 Latiumque
699 1890 833 1928 beabit
850 1889 969 1928 divite
986 1890 1131 1941 lingua.

145 1954 403 1992 Luxuriantia
420 1961 663 2005 compescet;
690 1954 803 1992 nimis
820 1966 957 2006 aspera
973 1967 1067 1992 sano

147 2017 311 2056 Levabit
330 2019 460 2063 cultu;
486 2019 628 2057 virtute
647 2018 820 2061 carentia
835 2019 971 2057 tollet:

146 2082 336 2120 Ludentis
353 2083 523 2135 speciem
539 2084 661 2130 dabit,
690 2090 731 2122 et
747 2082 1003 2135 torquebitur,
1029 2090 1073 2121 ut
1091 2083 1158 2135 qui

148 2146 264 2184 Nunc
278 2146 471 2198 Satyrum,
484 2160 588 2187 nunc
600 2154 793 2199 agrestem
807 2147 994 2200 Cyclopa,
1007 2154 1199 2186 movetur·

199 2211 318 2250 Tom.
349 2212 407 2251 11.
679 2214 705 2252 S
733 2214 760 2250 2
