1378 2534
187 200 261 237 138
392 197 799 240 EPISTOLARUM
851 202 906 241 11.
959 202 999 241 ii.
1134 217 1171 244 v·
1187 205 1253 248 70.

189 308 397 348 Intervalla
413 310 521 349 vides
539 311 708 350 humane
726 312 942 352 commoda.
973 312 1117 352 Verum

190 373 318 412 Purae
332 383 421 413 sunt
438 376 603 426 plateae,
622 377 717 414 nihil
736 384 780 415 ut
797 378 1073 416 meditantibus
1091 379 1232 418 obstet.

190 439 362 478 Festinat
380 441 526 478 calidus
545 441 658 478 mulis
676 442 898 493 gerulisque
914 442 1132 482 redemtor:

191 504 364 555 Torquet
391 518 496 543 nunc
514 505 681 556 lapidem
700 519 805 544 nunc
823 507 961 557 ing'ens
977 507 1158 546 machina
1173 508 1248 559 tig-

191 569 333 607 Tristia
345 570 512 607 robustis
523 569 719 608 luctantur
728 566 868 608 funera
879 570 1074 622 plaustris:
1102 573 1224 622 [num
1237 588 1248 611 z

190 633 281 671 Hac
299 634 451 672 rabiosa
467 633 569 685 fugit
587 635 707 681 canis,
726 635 799 674 hac
817 635 1008 674 lutulenta
1023 636 1101 675 ruit
1113 650 1190 676 sus.

189 698 209 735 Ι
228 711 346 745 nunc,
366 706 406 736 et
423 711 556 736 versus
574 706 705 738 tecum
723 700 910 738 meditare
929 713 1103 740 canoros.

188 764 430 815 Scriptorum
444 764 584 802 chorus
599 764 723 801 omnis
737 773 839 803 amat
850 778 999 812 nemus,
1018 772 1060 804 et
1069 764 1172 818 fugit
1185 779 1245 805 ur-

394 829 487 874 bes,
1120 862 1131 877 φ

191 894 283 932 Rite
296 894 415 932 cliens
430 893 592 940 Bacchi,
607 907 743 932 somno
761 893 966 946 gaudentis
979 902 1019 934 et
1032 895 1184 934 umbra:

190 959 252 997 Tu
267 972 330 997 me
348 960 448 996 inter
467 958 648 1010 strepitus
666 966 879 998 nocturnos
896 966 1014 1011 atque
1033 959 1191 999 diurnos

190 1023 259 1061 Vis
278 1036 431 1069 canere,
459 1030 500 1061 et
513 1030 715 1061 contracta
732 1023 842 1075 sequi
853 1025 1017 1076 vestigia
1027 1031 1158 1063 vatum
1171 1025 1187 1063 ἓ

189 1088 408 1139 Ingenium,
436 1087 508 1125 sibi
527 1088 632 1139 quod
645 1100 786 1127 vacuas
805 1089 991 1127 desumsit
1011 1089 1201 1136 Athenas,

189 1153 242 1192 Et
260 1153 395 1191 studiis
413 1165 534 1190 annos
553 1160 700 1204 septem
719 1153 840 1199 dedit,
868 1153 1113 1205 insenuitque

187 1219 315 1256 Libris
335 1224 374 1256 et
393 1217 508 1264 curis,
537 1224 663 1255 statua
682 1218 909 1256 taciturnius
927 1218 1010 1256 exit

187 1283 434 1334 Plerumque,
462 1289 502 1320 et
520 1282 598 1320 risu
617 1282 800 1333 populum
819 1283 967 1333 quatit:
995 1283 1060 1321 hic
1077 1295 1166 1335 ego,
1186 1296 1244 1322 re·

392 1360 476 1384 rum
1111 1387 1118 1396 ι

186 1412 385 1451 Fluctibus
403 1411 442 1448 in
461 1411 610 1457 mediis,
629 1418 670 1449 et
685 1411 978 1462 tempestatibus
994 1412 1114 1459 urbis,

187 1477 318 1514 Verba
334 1475 442 1526 lyrae
459 1482 613 1513 motura
630 1488 768 1527 sonum
783 1482 1017 1514 connectere
1034 1475 1199 1527 digner?

185 1541 320 1579 Frater
338 1546 421 1577 erat
440 1539 589 1578 Romae
607 1541 773 1579 consulti
792 1541 937 1587 rhetor,
957 1548 1001 1580 ut
1017 1541 1116 1580 alter

186 1606 360 1644 Alterius
378 1617 554 1642 sermone
572 1618 698 1643 meros
716 1605 866 1660 audiret
883 1606 1050 1644 honores
1065 1622 1078 1651 ς

188 1670 392 1708 Gracchus
411 1676 454 1706 ut
470 1669 538 1707 hic
554 1669 606 1707 illi
624 1669 739 1716 foret,
758 1670 849 1708 huic
863 1677 907 1708 ut
920 1669 1079 1709 Mucius
1095 1670 1172 1710 ille.

187 1737 263 1779 Qui
284 1735 410 1777 minus
428 1741 586 1785 argutos
603 1742 720 1772 vexat
736 1734 845 1772 furor
864 1735 937 1773 iste
949 1736 1111 1786 poetas?

187 1800 368 1839 Carmina
388 1812 598 1850 compon0‚
617 1799 682 1836 hic
701 1799 845 1849 elegos.
873 1798 1056 1837 Mirabile
1073 1800 1170 1847 visu,

185 1865 463 1914 Caelatumque
477 1876 615 1901 novem
627 1863 744 1901 musis
758 1876 869 1914 opuS,
888 1863 1044 1914 adspice
1061 1865 1239 1915 primum,

186 1931 343 1972 Quanto
363 1941 450 1965 cum
468 1927 584 1973 fastu,
600 1934 744 1978 quanto
762 1922 958 1965 molimine
972 1927 1135 1966 circum-

186 1994 414 2045 Spectemus
432 2004 593 2030 vacuam
612 1991 967 2029 Romanis-vatibus
983 1992 1131 2031 aedem.

185 2059 285 2096 Mox
305 2057 434 2103 etiam,
453 2057 484 2095 si
498 2056 598 2096 forte
610 2069 737 2103 vacas,
757 2069 930 2107 sequere,
946 2063 986 2095 et
999 2058 1136 2108 procul
1147 2060 1243 2100 audi

185 2124 289 2166 Quid
306 2123 406 2161 ferat
423 2128 465 2160 et
484 2135 602 2174 quare
619 2121 692 2160 sibi
706 2128 838 2160 nectat
850 2128 1012 2173 uterque
1030 2135 1227 2162 coronam.
1253 2161 1258 2164 Δ
