1378 2534
506 250 774 291 NOTULAE
1096 251 1167 288 181

404 340 452 367 ΙΝ
477 340 565 367 Lu.
590 340 620 366 1.
647 339 897 366 santonum.

176 423 227 462 X.
252 427 315 464 55.
383 424 476 462 Cum
493 424 539 463 de
555 437 594 462 se
609 423 773 475 loquitur
790 437 861 462 non
880 428 921 461 ut
938 425 1079 475 majore
1110 434 1170 460 re-

978 490 998 539 [
1009 487 1171 540 prensis.

125 553 329 592 Sententia
343 554 499 592 videtur
516 566 623 591 esse:
652 565 741 590 cum
755 560 886 591 tamen
904 565 982 591 non
1000 552 1172 604 loquitur

123 617 174 656 de
191 630 234 656 se
250 626 435 670 tanquam
453 619 600 668 majore
618 617 678 662 iis,
701 616 850 667 (Accio
868 617 940 654 viz.
957 623 1002 656 et.
1016 615 1167 668 Ennio)

123 694 220 732 quos
234 682 496 733 reprehendit.
534 681 596 719 Ita
609 681 852 732 Porphyrion
866 688 907 718 et
921 693 1060 718 comm.
1074 679 1173 718 Cru-

124 746 229 797 quii:
247 746 347 794 male
359 746 494 792 ceteri,
509 745 625 783 etiam
641 745 722 796 ipse
735 744 946 784 Gesnerus.
991 745 1059 782 Ad
1071 744 1173 782 hanc

129 810 360 848 sententiam
378 810 697 861 interpunximus.

173 876 239 912 64.
304 873 383 911 Pro
411 873 515 923 vulg.
547 873 763 918 ambustum,
804 873 981 910 dedimus
1012 872 1172 911 combus-

121 942 200 975 tum
217 950 268 975 ex
287 937 712 988 quibusdamLambini
728 936 954 983 Codicibus,
980 937 1085 988 quod
1103 950 1169 989 ap-

121 1000 200 1040 tius
217 1000 382 1039 videtur.

170 1067 236 1104 68.
288 1065 366 1104 Pro
383 1065 536 1112 dilatus,
570 1066 661 1104 MS.
681 1078 780 1104 unus
796 1072 864 1103 aut
881 1065 993 1111 alter,
1024 1072 1065 1103 et
1094 1072 1174 1103 tres

122 1128 213 1166 edd.
233 1135 329 1167 vett.
346 1128 523 1181 dilapsus.
542 1129 663 1168 Gesn.
682 1132 783 1180 conj.
803 1127 986 1180 delapsus,
1013 1141 1173 1179 quomo·

123 1192 177 1234 do
194 1193 383 1231 exhibent
401 1202 564 1244 quatuor
582 1207 632 1232 ex
653 1193 815 1245 Cruquii
832 1193 1044 1232 codicibus.

170 1257 236 1297 72.
290 1257 408 1309 Saepe
425 1257 548 1297 stilum
565 1264 702 1304 vertas,
721 1258 853 1296 iterum
873 1271 967 1309 quae
985 1257 1100 1309 digna
1118 1256 1171 1295 le-

149 1321 380 1373 Scripturus.
1017 1323 1083 1374 [gi
1097 1323 1174 1361 sint

123 1397 237 1436 Haec
254 1398 310 1436 ita
326 1398 587 1446 distinximus,
614 1406 658 1437 ut
675 1399 808 1437 iterum
826 1399 887 1438 vel
906 1412 996 1437 cum
1015 1399 1172 1451 scriptu-

127 1474 208 1508 rus,
232 1461 294 1499 vel
311 1474 399 1500 cum
417 1461 505 1514 legi,
533 1470 790 1501 construatur.
843 1463 967 1501 Nobis
994 1463 1090 1501 ordo
1118 1463 1173 1500 vi·

124 1526 238 1564 detur
255 1528 511 1578 esse—Saepe
526 1526 650 1564 stilum
668 1533 804 1574 vertas,
827 1528 1034 1579 scripturus
1056 1527 1172 1578 (scri-

124 1589 219 1628 bere
235 1590 500 1628 volens-sive
516 1591 549 1628 si
565 1591 622 1628 vis
639 1591 831 1642 scribere)
854 1605 949 1642 quae
965 1591 1040 1629 sint
1056 1592 1173 1643 digna

128 1663 297 1691 lulum
315 1665 429 1693 LEGI-

128 1717 316 1755 Livianae
316 1717 482 1769 fibulae
511 1731 585 1756 non
610 1718 701 1756 satis
717 1718 866 1770 dignae,
892 1732 988 1770 quae
1004 1731 1173 1757 uuum

121 1793 367 1819 mentum.
828 1782 911 1820 Cic.
929 1782 1039 1821 Brut.
1060 1786 1120 1822 18.

133 1858 349 1911 Scripturas
367 1858 470 1896 idem
487 1859 639 1897 videtur
650 1859 782 1906 fuisse,
807 1872 853 1898 ac
866 1860 1024 1899 scribere
1035 1860 1172 1908 volens,

122 1923 202 1961 sive
220 1922 442 1961 constituens
457 1939 474 1967 ‚·
502 1931 541 1961 et
560 1923 649 1960 inde
669 1924 718 1961 ad
736 1931 889 1974 tempus
914 1924 1086 1968 futurum
1104 1926 1172 1963 de-

123 1986 333 2024 notandum
352 1986 568 2024 adhibitum
587 1987 719 2033 fuisse,
747 1994 862 2038 prout
893 1989 997 2039 apud
1021 1997 1171 2027 nostra-

127 2056 187 2087 tes
204 2050 363 2087 verbum
382 2061 503 2087 WlLL.
556 2051 653 2089 Inde
685 2052 800 2088 etiam
819 2052 936 2090 verba
954 2052 993 2089 in
1010 2063 1095 2099 -10,
1122 2054 1170 2091 ab

128 2113 348 2163 hujusmodi
365 2115 575 2166 participiis
611 2115 650 2152 in
673 2129 763 2152 -rus
791 2115 966 2164 formata,
997 2117 1173 2157 desiderii

127 2177 446 2230 significationem
463 2178 605 2218 habere
622 2179 814 2219 videntur.
