1378 2534
181 198 255 237 142
384 195 787 238 EPISTOLARUM
838 199 893 238 ΙΙ.
944 199 984 239 ii.
1092 216 1128 242 v·
1148 205 1236 244 181.

179 310 414 360 Argentum,
431 315 558 347 vestes
577 307 746 347 Gaetulo
764 310 911 350 murice
929 311 1084 360 tinctas,

180 374 278 412 Sunt
296 374 362 424 qui
380 386 457 411 non
476 374 645 411 habeant
660 389 670 418 ;
693 382 752 413 est
766 376 831 426 qui
849 389 927 414 non
946 385 1056 416 curat
1072 378 1231 419 habere.

177 440 257 478 Cur
275 439 372 476 alter
388 438 548 476 fratrum
563 451 728 486 cessare,
747 448 788 478 et
804 440 952 488 ludere,
971 450 1012 481 et
1029 433 1151 495 ungui

176 503 374 542 Praeferat
392 503 563 542 Herodis
580 503 757 554 palmetis
775 505 1005 557 pinguibus;
1022 507 1134 555 alter,

175 569 296 606 Dives
315 576 355 606 et
373 568 628 619 importunuS,
647 568 696 605 ad
715 570 889 607 umbram
905 570 1002 610 lucis
1019 572 1068 610 ab
1087 579 1189 620 ortu,

176 634 398 672 silvestrem
415 632 579 670 flammis
597 639 637 670 et
653 632 757 671 ferro
774 634 927 685 mitiget
943 647 1101 686 agrum;

175 699 261 737 Scit
277 698 439 744 Genius,
458 697 585 735 natale
605 710 735 736 comes
753 698 819 749 qui
837 706 1027 751 temperat
1043 709 1202 750 astrum,

172 763 346 804 Naturae
364 763 459 801 deus
477 762 681 809 humanae,
701 763 872 801 mortalis
889 764 930 802 in
949 778 1085 804 unum-

171 828 353 882 quodque
373 834 503 878 caput,
517 827 626 865 vultu
644 827 850 874 mutabilis,
869 829 980 867 albus
996 838 1037 869 et
1053 838 1149 870 ater.

170 894 285 938 Utar,
299 900 340 930 et
358 904 408 929 ex
426 891 594 937 modico,
607 899 793 942 quantum
811 905 874 931 res
889 902 1040 945 poscet,
1058 908 1198 935 acervo

170 958 345 1000 Tollan13
364 969 436 994 nec
451 964 634 1002 metuam,
650 956 743 1007 quid
761 957 810 995 de
827 970 889 996 me
903 958 1054 1008 judicet
1071 961 1197 1008 heres,

171 1022 288 1066 Quod
306 1035 384 1060 non
403 1021 513 1073 plura
531 1020 629 1059 datis
647 1021 859 1060 invenerit:
878 1031 918 1060 et
935 1031 1064 1063 tamen
1082 1025 1186 1065 idem

152 1122 154 1125 .
169 1088 279 1125 Scire
298 1087 436 1132 volam,
457 1094 645 1138 quantum
663 1087 825 1138 simplex
843 1087 1051 1140 hilarisque
1065 1091 1199 1142 nepoti

168 1154 390 1204 Discrepet‚
418 1160 458 1190 et
475 1158 661 1203 quantum
680 1151 874 1190 discordet
890 1165 1029 1205 parcus
1046 1167 1174 1193 avaro.

168 1219 300 1257 Distat
318 1218 434 1264 enim,
454 1230 613 1269 spargas
626 1225 693 1255 tua
705 1217 903 1269 prodigus,
915 1230 964 1256 an
982 1231 1109 1271 neque
1120 1232 1221 1259 sum-

370 1291 452 1320 tum

163 1350 312 1387 Invitus
330 1349 462 1395 facias,
481 1361 554 1387 nec
571 1349 682 1400 plura
699 1361 835 1400 parare
853 1349 1028 1395 labores;

165 1416 229 1452 Ac
247 1414 388 1465 potius,
408 1427 504 1464 puer
523 1421 565 1451 ut
583 1414 691 1452 festis
711 1413 1014 1464 Quinquatribus
1033 1415 1139 1463 olim,

163 1479 319 1529 Exiguo
337 1486 525 1529 gratoque
542 1477 680 1515 fruaris
695 1485 868 1529 tempore
887 1479 1038 1530 raptim.

162 1544 371 1596 Pauperies
390 1542 586 1581 immunda
603 1542 738 1593 procul
756 1543 892 1594 procul
911 1544 1022 1583 absit.
1056 1545 1158 1598 Ego,
1175 1561 1219 1586 u-

368 1616 469 1646 trum

161 1673 271 1711 Nave
289 1673 390 1711 ferar
409 1685 549 1724 magna
566 1686 614 1711 an
633 1686 763 1724 parva,
781 1673 884 1712 ferar
902 1688 1001 1713 unus
1019 1683 1059 1715 et
1077 1676 1195 1715 idem.

162 1738 252 1776 Non
271 1735 419 1789 agimur
438 1738 594 1776 tumidis
611 1739 705 1776 velis
724 1738 1134 1789 Aquilone.secundo;

162 1804 252 1841 Non
271 1811 400 1841 tamen
420 1804 588 1842 adversis
607 1812 773 1842 aetatem
788 1805 964 1843 ducimus
982 1805 1137 1844 Austris
1152 1819 1164 1842 ε

162 1868 330 1912 Viribus,
350 1867 519 1918 ingenio,
539 1868 681 1919 specie,
701 1869 855 1914 virtute,
874 1869 974 1915 loco,
994 1882 1050 1916 re,

161 1932 336 1969 Extremi
355 1932 579 1982 primorum,
599 1933 781 1971 extremis
799 1946 920 1984 usque
937 1933 1097 1984 priores.

160 1997 250 2035 Non
269 2010 309 2035 es
328 2009 485 2034 avarus:
512 1997 589 2034 abi.
617 1997 749 2039 Quid?
771 2005 901 2036 cetera
909 1999 990 2048 jam
1009 1998 1121 2037 simul
1139 1999 1214 2038 isto

160 2063 258 2100 Cum
277 2061 370 2098 vitio
388 2060 551 2110 fugere?
582 2067 687 2098 caret
706 2060 775 2098 tibi
793 2067 930 2111 pectus
955 2061 1060 2099 inani
1080 2095 1082 2098 .

159 2126 409 2165 Ambitione?
440 2133 546 2164 caret.
565 2125 698 2164 mortis
716 2124 935 2173 formidine,
955 2133 995 2165 et
1011 2126 1095 2165 ira?
