1378 2534
99 266 137 295 v.
157 255 220 295 15.
323 251 726 295 EPISTULARUM
777 254 810 295 1.
863 254 945 296 xiii.
1038 299 1042 301 ,
1080 259 1154 300 107

98 364 154 404 Ut
172 375 261 403 cum
277 362 420 416 pileolo
437 364 562 403 soleas
580 365 742 404 conviva
758 365 911 404 tribulis
922 379 934 403 :

96 429 187 468 Neu
202 428 321 481 vulgo
336 441 469 468 narres
486 438 526 468 te
543 429 740 469 sudavisse
757 431 922 470 terendo*

96 494 291 542 Carmina,
309 506 409 548 quae
426 503 589 547 possunt
607 495 742 535 oculos
758 508 950 549 auresque
969 498 1111 536 morari

96 559 284 599 Caesaris.
311 559 456 599 Oratus
474 561 595 599 multa
610 573 745 612 prece,
764 562 889 600 nitere
907 574 1036 614 porro.

93 623 219 672 Vade,
237 625 340 671 vale;
359 638 453 664 cave
467 638 517 664 ne
536 625 695 673 titubes,
710 626 971 678 mandataque
982 627 1148 679 frangas.

454 851 624 895 EPIST.
678 856 787 895 XIV.

387 984 448 1010 AD
478 984 690 1012 VILLICUM
721 985 851 1012 SUUM.

94 1074 276 1113 vauca
293 1075 487 1122 silvarum,
505 1082 545 1113 et
565 1075 658 1113 mihi
676 1088 739 1113 me
758 1075 958 1113 reddentis
978 1076 1110 1127 agelli,

94 1139 221 1182 Quem
238 1146 283 1176 tu
299 1138 462 1185 festidis,
481 1139 697 1178 habitatum
717 1140 889 1190 quinque
907 1139 1020 1186 focis,
1040 1147 1082 1178 et

94 1203 278 1255 Quinque
295 1203 418 1242 bonos
436 1203 592 1242 solitum
611 1203 766 1242 Variam
782 1204 977 1242 dimittere
996 1212 1149 1256 ραι-ειη

93 1268 311 1315 Certemus,
329 1268 457 1320 spinas
475 1268 653 1306 animone
671 1281 747 1319 ego
761 1268 913 1315 fortius,
932 1281 982 1307 an
1001 1276 1047 1307 tu

92 1332 246 1372 Evellas
263 1345 382 1385 εει-ος
408 1340 449 1371 et
466 1332 604 1371 melior
621 1333 671 1371 sit
690 1332 893 1380 Horatius,
911 1347 962 1371 an
981 1347 1055 1372 res.

91 1397 163 1436 Me
181 1398 354 1450 quamvis
371 1397 531 1436 Lamiae
550 1397 688 1448 pietas,
708 1405 749 1436 et
767 1411 862 1436 cura
879 1406 1066 1446 moratur,

91 1461 266 1500 Fratrem
283 1463 506 1509 moerentis,
526 1469 640 1514 rapto
659 1463 708 1500 de
726 1461 846 1500 fratre
866 1463 1034 1502 dolentis

90 1526 372 1570 Insolabiliter;
397 1533 528 1564 tamen
547 1527 648 1564 istuc
667 1539 792 1574 mens,
808 1528 1044 1579 *animusque

92 1590 197 1636 Fert,
216 1597 257 1629 et
274 1597 376 1628 amat
395 1590 527 1640 spatiis
545 1591 739 1628 obstantia
751 1603 932 1642 rumpere
951 1592 1130 1630 claustra,

92 1654 201 1692 Rure
218 1667 294 1705 ego
311 1653 520 1700 viventem,
539 1661 584 1692 tu
601 1654 699 1692 dicis
718 1654 757 1691 in
778 1655 872 1692 urbe
890 1656 1062 1693 beatum.

92 1719 167 1758 Cui
184 1718 315 1770 placet
332 1718 502 1764 alterius,
522 1731 592 1756 sua
609 1718 788 1756 nimirum
808 1725 868 1756 est
887 1719 976 1756 odio
1002 1723 1095 1757 sors.

95 1782 244 1822 Stultus
262 1790 427 1834 uterque
445 1783 574 1821 locum
593 1782 827 1820 immeritum
845 1790 1026 1821 causatur
1049 1783 1121 1821 ini-

294 1860 394 1898 que:

90 1912 138 1950 In
157 1911 271 1963 culpa
288 1918 348 1950 est
365 1911 529 1959 animus,
549 1912 615 1963 qui
634 1924 676 1949 se
690 1924 769 1949 non
782 1910 919 1963 effugit
937 1925 1119 1963 unquam.

92 1976 155 2014 Tu
171 1976 422 2014 mediastinus
440 1977 561 2015 tacita
578 1989 695 2028 prece
714 1988 806 2014 rura
823 1977 1008 2027 petebas;

91 2039 209 2078 Nunc
226 2041 374 2087 urbem,
393 2048 434 2079 et
451 2041 575 2088 ludos,
594 2048 635 2079 et
653 2041 803 2087 balnea,
822 2040 973 2078 villicus
985 2048 1097 2092 optas
1108 2054 1120 2078 :

93 2103 166 2142 Me
182 2111 359 2143 constare
377 2104 471 2144 mihi
488 2106 585 2150 scis3
614 2113 654 2143 et
672 2105 874 2144 discedere
893 2106 1059 2151 tristem,

93 2168 416 2221 Quandocunque
434 2170 596 2208 trahunt
613 2170 733 2208 invisa
751 2170 909 2221 negotia
929 2170 1103 2207 Romam.
