1378 2534
192 264 243 301 48
409 227 729 300 SERMOIQM
781 258 835 298 ΙΙ.
888 261 927 298 ii.
1135 274 1173 301 v.
1185 264 1251 307 92.

190 375 395 425 Integrum
414 371 513 411 edax
533 371 712 409 dominus
724 378 984 409 consumeret.
999 370 1085 410 Hos
1096 372 1246 412 utinam

189 440 344 478 Heroas
363 445 496 475 natum
515 436 630 475 tellus
648 449 711 474 me
729 436 853 487 prima
869 436 1038 476 tulisset!
1120 438 1246 488 [inter

189 505 272 543 Das
291 504 437 555 aliquid
454 501 593 548 famae,
613 514 712 553 quae
733 502 904 540 carmine
921 502 1068 554 gratior
1084 515 1219 541 aurem

189 572 372 621 Occupat
389 566 618 605 humanam?
639 566 806 617 grandes
824 566 977 605 rhombi
994 567 1232 620 patinaeque

188 635 349 674 Grande
368 633 499 670 ferunt
518 644 594 669 una
614 644 703 668 cum
722 631 864 669 damno
882 631 1080 670 dedecus:
1098 632 1198 671 adde
1215 651 1217 653 v

186 701 334 739 Iratum
353 706 548 750 patruum,
576 696 737 742 vicinos,
765 703 806 734 te
824 696 895 734 tibi
913 696 1103 748 iniquum,

187 765 240 803 Et
259 765 401 803 frustra
418 762 552 800 mortis
572 761 771 812 cupidum,
800 774 890 799 cum
909 761 1036 800 deerit
1053 762 1185 813 egenti
1232 790 1235 791 γ

186 833 259 876 As,
286 828 415 880 laquei
434 827 616 878 pretium.
645 827 756 872 Jure,
776 826 916 877 inquit,
937 826 1123 866 Trausius
1141 827 1223 866 istis

182 897 209 935 J
212 902 373 946 urgatur
390 892 540 930 verbis:
569 904 644 941 ego
661 891 869 942 vectigalia
886 904 1028 943 magna

181 961 428 1010 Divitiasque
445 958 572 995 habeo
590 956 714 994 tribus
733 956 878 1007 amplas
897 957 1066 1008 regibus.
1095 957 1216 1011 Ergo,

181 1025 298 1069 Quod
311 1030 567 1075 superat‚n0n
580 1028 639 1059 est
651 1021 788 1058 melius
795 1024 878 1072 'quo
889 1021 1083 1061 insumere
1094 1023 1236 1074 possis?

182 1092 264 1130 Cur
284 1096 378 1141 eget·
394 1086 575 1139 indignus
594 1086 809 1138 quisquam,
837 1094 878 1124 te
897 1086 1046 1125 divite?
1063 1099 1195 1139 quare

181 1154 346 1206 Templa
360 1160 479 1191 ruunt
491 1152 651 1204 antiqua
666 1151 804 1189 deum?
819 1164 903 1198 cur,
919 1152 1108 1204 improbe,
1123 1165 1238 1192 carae

180 1221 271 1259 Non
290 1218 436 1270 aliquid
454 1217 603 1268 patriae
623 1224 733 1255 tanto
751 1216 923 1254 emetiris
941 1216 1110 1255 acervo?

180 1286 260 1324 Uni
279 1283 460 1321 nimirum
478 1281 549 1319 tibi
569 1288 677 1318 recte
696 1293 851 1332 semper
867 1287 983 1319 erunt
1002 1294 1077 1319 res.

179 1350 215 1388 O
235 1361 397 1400 magnus
415 1346 578 1398 posthac
597 1345 762 1383 inimicis
780 1346 900 1384 risus!
930 1345 1084 1384 Uterne

178 1416 247 1455 Ad
265 1427 378 1452 casus
397 1412 536 1450 dubios
554 1410 648 1449 fidet
665 1410 738 1448 sibi
758 1411 930 1449 certius?
959 1410 1038 1458 hic,
1068 1411 1134 1463 qui

176 1480 358 1518 Pluribus
377 1476 539 1515 assuerit
564 1482 734 1514 mentem
754 1488 972 1528 corpusque
1000 1477 1210 1529 superbum
1226 1494 1239 1526 ς

175 1547 243 1583 An
264 1544 343 1596 qui,
363 1549 572 1581 contentus
590 1554 709 1593 parvo
735 1547 993 1593 metuensque
1010 1541 1147 1591 futuri,

174 1611 222 1647 In
241 1620 352 1660 pace,
382 1614 423 1645 ut
443 1607 608 1659 sapiens,
637 1605 780 1657 aptarit
798 1605 939 1645 idonea
955 1607 1089 1646 bello?

175 1676 265 1717 Quo
284 1673 406 1725 magis
425 1672 484 1710 his
498 1672 657 1716 credas;
683 1683 781 1722 puer
799 1671 905 1709 hunc
925 1684 1001 1724 ego
1018 1685 1161 1725 parvus
1175 1673 1231 1713 0-

174 1739 343 1790 Integris
362 1738 499 1790 opibus
517 1737 606 1776 novi
625 1750 703 1775 non
722 1736 836 1775 latius
855 1749 981 1784 usum,
1076 1738 1235 1788 [sellum

174 1805 301 1845 Quam
317 1817 421 1841 nunc
440 1802 588 1840 accisis.
620 1802 762 1840 Videas
780 1809 927 1842 metato
945 1802 983 1840 in
1003 1802 1145 1858 agello,

173 1871 275 1907 Cum
294 1881 437 1919 pecore
457 1875 496 1906 et
516 1857 657 1919 gnam,
676 1867 817 1905 fortem
833 1867 1015 1906 mercede
1034 1868 1233 1916 colonum,

172 1933 263 1971 Non
276 1945 371 1984 ego,
391 1940 626 1979 narrantem,
655 1940 803 1970 temere
822 1932 886 1970 edi
904 1932 993 1970 luce
1010 1931 1184 1984 profesta

173 1998 394 2050 Quidquam
407 2005 561 2049 praeter
574 1997 853 2044 olus‚fumosae
861 2006 950 2035 cum
962 1997 1063 2049 pede
1069 1991 1230 2050 pernae.

173 2064 250 2109 Ac,
262 2063 355 2100 mihi
368 2076 437 2101 seu
449 2063 607 2113 longum
618 2070 707 2114 post
725 2069 880 2114 tempus
893 2069 1055 2101 venerat
1072 2063 1228 2116 hospes,

174 2128 263 2166 Sive
284 2141 443 2179 operum
464 2140 588 2165 vacuo
606 2134 738 2178 gratus
759 2130 922 2166 conviva
939 2140 1010 2179 per
1029 2128 1193 2168 imbrem

171 2191 349 2239 Vicinus,
376 2192 477 2234 bene
495 2199 593 2239 erat,
620 2192 888 2246 non‘piscibus
907 2193 1003 2231 urbe
1021 2192 1170 2245 petitis,
