1378 2534
213 222 288 259 182
610 219 878 260 NOTULAE

479 309 526 337 ιιι
554 309 640 336 mn.
668 310 718 337 11.
745 310 997 338 summum.

250 395 300 434 X.
312 396 375 437 78.
403 394 570 434 Codices
584 407 717 434 omnes
729 407 819 433 cum
830 394 919 439 edd.
933 401 1027 434 vett.
1038 394 1175 434 cruciet
1185 395 1262 439 ela-

211 475 254 500 re
273 460 474 511 exhibent.
526 459 670 498 Nescio
689 449 774 511 quis
787 459 934 512 primus
950 458 1094 498 crucier
1105 459 1263 498 invexe-

207 525 280 564 rit:
308 532 419 563 extat
437 524 476 561 in
494 524 556 563 ed.
584 524 678 563 Aldi
697 537 796 576 quae
809 523 953 575 prodiit
969 536 1072 563 anno
1093 526 1206 563 1511.

261 593 324 630 86.
353 590 429 628 Pro
448 589 593 636 Bibuli,
608 590 798 636 dedimus,
817 602 869 628 ex
883 589 1153 634 emendatione
1171 588 1262 629 Nic.

210 656 380 703 Heinsfi,
398 654 547 694 Bibule.
565 654 655 693 Vid.
673 654 804 693 Bentl.

476 745 524 771 m
551 743 637 770 mn.
666 744 714 771 11.
743 743 999 771 suanorum.
1134 760 1139 764 ·
1167 760 1169 762 -

258 799 292 837 Ι
321 802 355 837 1.
408 797 583 836 Dimidia
608 797 690 835 fere
707 809 796 848 pars
814 797 995 835 codicum
1022 796 1178 843 videon·
1206 797 1262 837 al-

207 872 292 903 tera
309 863 452 902 videar.

256 931 293 967 2.
348 927 425 966 Pro
443 926 608 974 tendere,
635 927 751 965 codd.
778 926 935 978 quidam
953 926 1157 965 intendere.

259 995 321 1032 15.
372 991 495 1029 MSS.
514 990 671 1042 quidam
688 991 879 1030 describet.

255 1060 320 1096 31.
373 1056 549 1095 Gesserat
567 1056 705 1095 eodem
724 1068 840 1094 sensu
870 1068 919 1094 ac
942 1061 1114 1108 gesserat
1140 1067 1181 1094 se
1207 1067 1260 1095 ex

204 1121 385 1174 analogia
415 1127 523 1160 certe
542 1120 699 1160 defendi
716 1126 873 1172 potest;
911 1127 952 1159 et
986 1120 1043 1159 ita
1072 1120 1262 1159 exhibent

205 1200 284 1225 uno
303 1198 496 1225 consensu
514 1185 636 1224 MSS.
654 1198 802 1224 omnes.
849 1185 1020 1224 Cesserat
1037 1185 1144 1224 docti
1174 1185 1260 1237 qui-

203 1253 293 1291 dam
321 1251 503 1298 editores,
531 1250 637 1302 quod
669 1257 779 1289 extat
809 1250 849 1288 in
878 1251 942 1289 ed.
967 1250 1114 1289 Aldina
1144 1252 1258 1291 1511.

206 1317 294 1357 Vid.
313 1317 435 1355 Gesn.
1180 1339 1184 1342 »

253 1386 318 1423 49.
371 1381 489 1432 Vulg.
502 1381 538 1419 si
549 1381 632 1432 quis
643 1379 817 1432 sejudice
828 1385 954 1418 certet.
986 1381 1045 1418 At
1057 1380 1148 1419 edd.
1159 1385 1257 1420 vett.

201 1447 237 1485 si
253 1447 346 1499 quid
354 1462 371 1492 ;
401 1452 443 1484 et
469 1452 548 1483 tres
567 1458 618 1483 ex
639 1444 753 1483 codd.
771 1444 901 1482 Bentl.
917 1444 953 1482 si
969 1444 1063 1496 quid
1075 1449 1206 1483 certes.

251 1514 315 1551 65.
370 1509 447 1548 Pro
465 1508 621 1547 Laelius
637 1514 704 1546 aut
722 1509 798 1560 qui,
828 1508 955 1547 Bentl.
979 1522 1031 1547 ex
1049 1508 1172 1547 tribus
1190 1521 1257 1548 co-

200 1575 353 1614 dicibus
370 1573 525 1613 Laelius
540 1580 576 1611 et
594 1574 669 1625 qui.
723 1579 750 1597 “
771 1574 849 1612 Aut
862 1574 981 1620 enim,
996 1573 1135 1625 inquit,
1149 1573 1257 1625 quod

201 1645 229 1664 “
256 1640 447 1678 editiones
460 1641 541 1692 jam
557 1639 722 1686 obsidet,
741 1652 791 1677 ne
803 1638 987 1678 Latinum
1002 1639 1159 1691 quidem
1171 1647 1231 1678 est
1242 1653 1255 1677 ε

199 1709 228 1730 “
256 1705 400 1757 quippe
418 1711 501 1742 tum
519 1705 637 1742 verba
667 1704 852 1755 singulari
883 1716 1045 1743 numero
1073 1703 1254 1755 ponenda

201 1775 228 1793 “
255 1769 407 1812 forent;
435 1769 536 1806 Num
564 1767 719 1806 Laelius
747 1774 815 1806 aut
848 1768 971 1821 Scipio
1001 1768 1159 1820 offensus
1188 1767 1255 1806 do-

198 1839 228 1858 “
254 1833 367 1871 luit.”
422 1832 501 1870 Sed
518 1832 607 1870 vide
625 1845 742 1883 supra
758 1839 889 1870 notam
906 1832 957 1870 ad
981 1831 1059 1869 Od.
1076 1831 1109 1868 1.
1127 1831 1196 1869 xii.
1213 1833 1252 1871 6.

199 1897 264 1935 ubi
283 1897 460 1935 lectionis
478 1896 658 1947 vulgatae
676 1903 760 1934 tum
787 1896 976 1935 rationem
1004 1902 1089 1934 tum
1118 1907 1251 1935 exem-

198 1962 262 2015 pla
293 1961 482 1999 dedimus.

250 2028 313 2067 79.
367 2026 472 2064 Hinc
489 2025 682 2079 diffingere
708 2026 893 2064 exhibent
925 2033 1005 2064 tam
1034 2025 1123 2064 edd.
1155 2032 1250 2065 vett.

138 2112 145 2115 -
196 2104 314 2143 quam
332 2091 510 2129 codicum
524 2093 645 2141 major
662 2104 763 2142 pars.
809 2090 889 2129 Alii
907 2089 1088 2143 dffgere,
1106 2090 1248 2143 defi-in-

191 2169 298 2208 gere,
325 2155 531 2207 dffndere,
559 2155 737 2206 dffdere.
790 2155 891 2195 Vide
914 2154 1043 2206 Bentl.
