1378 2534
509 235 773 277 NOTULAE
1047 261 1053 267 -
1096 234 1167 274 221

357 324 404 351 ΙΝ
431 324 515 352 Lm.
542 326 590 352 11.
618 324 934 352 zplsToLARUM.

127 412 155 434 ‘¹
180 408 257 462 dit)
280 409 352 447 iste
370 409 469 447 ferat
489 409 670 461 pretium,
701 409 850 461 opinor,
882 421 1040 448 securus
1070 421 1164 460 poe-

128 475 155 496 “
181 474 297 512 nae.”
325 472 610 511 wazrmm.
662 473 726 512 Ita
751 473 867 511 etiam
885 473 1053 512 editores
1084 473 1167 524 ple-

125 537 248 589 rique,
266 543 310 575 ut
325 536 550 582 Lambinus,
574 536 781 588 Cruquius,
800 537 1042 584 Torrentius,
1061 536 1165 575 Bax-

67 621 69 623 ·
123 607 243 648 tetus,
269 605 339 640 Sec.
383 601 506 638 Nobis
519 600 721 639 videbatur
731 613 864 639 versus
886 605 933 640 16
950 608 991 639 et
1013 604 1059 643 17
1077 613 1163 639 esse

123 665 240 703 verba
258 664 426 712 Horatii,
453 671 494 703 et
522 664 563 702 in
591 663 763 716 apodosi.
828 663 1031 702 Extenuat
1061 665 1162 703 enim

121 727 267 766 factum
283 728 393 780 pueri
410 739 564 779 mango,
593 729 699 779 quasi
714 741 792 766 non
809 728 994 779 fugitivus
1012 728 1076 774 sit,
1093 728 1164 766 sed

122 791 238 829 modo
255 791 294 829 in
311 791 489 842 proximo
516 791 724 838 delituerit,
752 791 844 830 dum
875 791 1164 830 defervesceret

122 853 179 892 ira
196 854 351 893 domini.
405 855 464 894 Eo
482 862 658 907 spectant
676 855 808 902 verba,
834 854 945 894 semel
960 855 1166 894 cessavit-—

125 917 251 966 latuit,
277 922 347 957 &c-
400 919 458 958 At
475 919 507 957 si
523 919 654 966 verba,

125 982 206 1020 Dos
239 995 414 1029 nummos,
449 989 596 1035 excepta
632 982 727 1021 nihil
758 989 795 1021 te
828 983 863 1021 si
897 995 1011 1022 ruGA
1035 982 1165 1030 laedit,

123 1052 324 1108 mangonis
341 1058 431 1105 sint,
458 1072 613 1098 vernam
645 1053 759 1111 plane
787 1059 991 1110 fugitivum
1023 1060 1165 1098 descri-

123 1120 232 1167 bent,
260 1128 396 1160 contra
411 1130 581 1160 mentem
598 1122 799 1173 mangonis
818 1122 949 1174 ipsius.

128 1182 130 1184 ’
174 1184 227 1222 ΙΙ.
247 1187 308 1223 22.
336 1185 413 1223 Pro
426 1186 579 1232 veniret,
594 1185 727 1237 scripti
741 1186 871 1239 plures
888 1186 1050 1231 rediret;
1068 1199 1166 1237 quae

124 1248 156 1286 si
174 1261 264 1286 vera
279 1248 397 1287 lectio
415 1249 478 1295 sit,
506 1249 595 1288 inde
614 1249 771 1288 Florum
788 1250 956 1301 priorem
968 1250 1165 1302 scripsisse

123 1310 383 1362 eolligendum
394 1308 472 1359 est,
501 1313 709 1351 Horatium
726 1327 818 1352 vero
835 1314 931 1352 nihil
950 1314 1163 1365 rescripsis-

126 1387 192 1420 se;
218 1375 382 1427 ideoque
402 1376 557 1414 Florum
575 1390 664 1415 cum
682 1389 730 1415 eo
744 1379 932 1429 jurgiisse.

173 1443 236 1478 63.
287 1439 364 1478 Pro
382 1440 487 1491 vulg.
515 1441 640 1479 renuis
653 1447 707 1487 tu,
735 1443 845 1493 quod,
866 1442 993 1481 Bentl.
1013 1444 1088 1482 alio
1103 1456 1165 1482 or-

123 1500 229 1550 dine,
255 1517 278 1542 e
297 1503 432 1542 codice
450 1505 656 1543 veterrimo
674 1505 858 1544 Leidensi
889 1513 931 1544 et
959 1507 1165 1558 compluri-

122 1568 196 1605 bus
213 1567 309 1614 aliis,
335 1568 460 1606 renuis
486 1569 587 1619 quod
600 1575 655 1607 tu.

125 1627 131 1632 ’
175 1634 237 1669 80.
281 1658 402 1670 .........
405 1631 458 1668 Et
470 1643 728 1670 cONTRACTA
742 1635 846 1685 sequi
858 1636 1013 1687 vestigia
1027 1642 1164 1674 vatum.

125 1699 153 1719 ‘⁶
180 1694 355 1732 Turbant
380 1694 446 1734 hic
463 1695 603 1733 mirum
620 1695 659 1733 in
678 1697 835 1734 modum
862 1698 1017 1736 codices
1046 1699 1165 1750 scrip-

125 1762 154 1782 “
178 1759 252 1805 ti,”
280 1758 406 1810 inquit
423 1758 636 1806 Bentleius,
657 1764 683 1783 ‘⁶
703 1773 864 1810 quorum
878 1762 1007 1812 plures
1021 1769 1166 1801 contac-

125 1827 153 1846 “
179 1828 218 1859 ta
246 1822 405 1870 habent,
433 1829 621 1861 contracta
653 1836 732 1861 non
763 1825 892 1875 pauci,
932 1839 1030 1863 unus
1061 1828 1164 1877 apud

126 1889 154 1908 “
181 1885 392 1937 Cruquium
423 1893 584 1933 contata,
625 1888 722 1925 alter
756 1877 940 1935 cu‘nctata,
968 1889 1164 1928 Galeanus

126 1953 155 1972 ‘⁸
184 1961 234 1986 ex
253 1950 391 1988 nostris
409 1951 612 1988 cinctuta.''
665 1951 754 2003 Ipse
769 1953 947 1990 emendat
956 1962 1036 1991 *non
1051 1960 1165 2001 tacta,

126 2012 151 2048 i.
170 2025 203 2049 e.
230 2013 332 2063 sequi
349 2014 502 2066 vestigia
532 2014 775 2066 Lyricorum,
803 2015 952 2054 Latinis
977 2025 1070 2068 ‘ante
1102 2031 1165 2056 me

125 2074 279 2112 intacta.
332 2077 472 2116 Sanad.
490 2086 578 2130 post
597 2080 790 2132 Cuningh.
807 2081 902 2132 legit
923 2087 1107 2128 cunctata,
1125 2089 1165 2120 et

126 2137 398 2190 interpretatur
415 2141 570 2191 incerta,
588 2143 711 2183 dubia.
763 2144 960 2185 Gesnerus
973 2146 1068 2186 nihil
1085 2159 1165 2186 me-
