1378 2534
69 282 105 314 ν.
123 275 186 314 89.
334 266 735 311 EPISTOLARUM
785 269 819 308 Ι.
869 265 910 308 ii.
1070 269 1138 311 ’894
1207 271 1210 273 ’

69 379 140 422 Est
157 382 340 429 animum,
367 381 496 420 differs
514 380 673 420 curandi
690 388 843 432 tempus
860 379 901 418 in
919 380 1089 418 annum?

69 447 283 486 Dimidium
300 446 408 493 facti,
429 446 493 497 qui
509 445 652 497 coepit,
670 445 812 483 habet:
841 457 975 496 sapere
994 444 1094 483 aude
1105 457 1118 482 ε

67 510 217 563 Incipe.
244 510 409 551 Vivendi
427 516 534 549 recte
554 509 620 561 qui
637 516 821 561 prorogat
837 507 986 556 horam,

66 573 252 614 Rusticus
270 582 475 626 exspectat
491 575 584 612 dum
602 573 750 612 defluat
766 573 910 618 amnis3
935 580 977 612 at
999 573 1065 611 ille

67 638 231 678 Labitur
249 646 290 677 et
307 639 459 677 labetur
477 639 518 677 in
535 650 650 676 omne
667 637 845 676 volubilis
864 651 1012 676 aevum.

67 703 276 745 Quaeritur
294 710 512 754 argentum,
539 702 747 754 puerisque
765 702 880 740 beata
897 702 1074 741 creandis

69 767 204 812 Uxor;
230 773 271 805 et
289 765 456 805 incultae
474 774 662 818 pacantur
677 779 832 804 vomere
850 766 979 804 silvae.

68 830 184 873 Quod
201 829 292 868 satis
310 837 369 868 est
387 830 450 868 cui
462 830 668 881 contingit,
687 829 782 868 nihil
799 829 963 881 amplius
982 836 1103 881 optet.

68 889 159 932 Non
178 893 313 931 domus
331 900 372 930 et
387 892 544 940 fundus,
562 907 640 931 non
658 893 756 932 aeris
773 906 934 932 acervus
951 901 992 932 et
1009 894 1093 933 auri

67 958 244 1009 Aegroto
263 956 407 996 domini
425 957 587 995 deduxit
604 969 766 1008 corpore
783 956 933 1002 febres;

66 1021 157 1060 Non
175 1021 302 1059 animo
321 1033 444 1059 curas.
471 1019 612 1059 Valeat
628 1033 825 1072 possessor
842 1029 1012 1072 oportet,

71 1085 113 1124 Si
132 1085 383 1137 comportatis
401 1086 516 1123 rebus
533 1086 633 1123 bene
652 1085 801 1136 cogitat
818 1085 888 1123 uti.

66 1149 143 1192 Qui
156 1149 264 1201 cupit
274 1157 341 1188 aut
351 1148 505 1196 metuit,
508 1151 524 1200 j
530 1156 619 1187 uvat
633 1149 740 1187 illum
754 1149 810 1188 sic
822 1149 972 1196 domus,
985 1156 1026 1187 et
1039 1161 1115 1197 res,

69 1214 126 1253 Ut
144 1214 291 1266 lippum
310 1214 439 1267 pictae
457 1214 626 1262 tabulae,
650 1204 823 1253 fomenta
840 1215 1066 1266 podagram,

68 1278 274 1318 Auriculas
291 1279 461 1318 citharae
480 1278 644 1318 collecta
661 1280 774 1318 sorde
797 1279 986 1318 dolentes.
1027 1279 1117 1330 [cit.

67 1344 267 1383 Sincerum
283 1352 343 1383 est
359 1343 432 1382 nisi
447 1356 526 1390 vas,
542 1344 799 1396 quodcunque
814 1344 995 1391 infundis,
1010 1357 1115 1383 aces-

68 1408 215 1460 Sperne
231 1409 445 1460 voluptates
460 1422 471 1446 ι
498 1416 616 1447 nocet
633 1416 736 1447 emta
754 1409 886 1447 dolore
903 1409 1090 1460 voluptas.

69 1472 229 1524 Semper
247 1484 380 1511 avarus
399 1480 515 1523 eget:
544 1480 692 1511 certum
709 1480 800 1515 voto
819 1481 908 1524 pete
926 1473 1055 1511 finem.

69 1536 229 1574 Invidus
247 1537 404 1575 alterius
422 1536 627 1574 macrescit
644 1537 758 1574 rebus
776 1536 912 1588 opimis
926 1551 938 1574 z

68 1599 218 1638 Invidia
237 1599 357 1637 Siculi
375 1614 453 1639 non
471 1601 650 1638 invenere
668 1600 823 1651 tyranni

70 1664 200 1715 Majus
218 1671 463 1702 tormentum.
490 1665 567 1707 Qui
585 1678 663 1703 non
680 1665 943 1703 moderabitur
959 1665 1054 1712 irae,

66 1730 263 1768 Infectum
279 1729 384 1768 volet
401 1742 499 1775 esse,
514 1730 624 1767 dolor
638 1729 742 1780 quo'd
756 1730 918 1767 suaserit
935 1737 976 1768 et
993 1743 1116 1778 mens,

68 1794 175 1831 Dum
191 1806 336 1844 poenas
355 1793 443 1831 odio
460 1806 530 1844 per
547 1794 624 1831 vim
640 1793 798 1831 festinat
815 1794 949 1832 inulto.

67 1858 133 1896 Ira
144 1858 252 1896 furor
264 1858 391 1896 brevis
406 1866 483 1897 est:
499 1858 666 1896 animum
678 1870 769 1909 rege
783 1874 792 1903 3
811 1859 891 1910 qui,
904 1858 976 1896 nisi
990 1867 1116 1911 paret,-

68 1921 253 1973 Imperat:
266 1923 370 1960 hunc
381 1922 513 1969 frenis,
528 1923 631 1961 hunc
646 1930 690 1961 tu
709 1935 913 1974 compesce
931 1930 1082 1962 catena.

69 1985 199 2036 Fingit
217 1999 359 2038 equum
377 1994 511 2026 tenera
528 1987 693 2027 docilem
712 1987 862 2026 cervice
878 1987 1064 2038 magister

68 2049 131 2087 Ire
148 2050 247 2088 viam
266 2064 342 2101 qua
358 2058 546 2089 monstret
565 2064 683 2102 eques
698 2065 708 2088 z
726 2050 938 2097 venaticus,
958 2063 1009 2089 ex
1021 2060 1101 2102 quo

69 2113 260 2164 Tempore
280 2115 471 2154 cervinam
490 2116 631 2167 pellem
649 2115 801 2154 latravit
818 2116 858 2153 in
875 2114 976 2161 aula,
1140 2108 1143 2110 ⁵

68 2176 216 2215 Militat
233 2177 273 2215 in
291 2179 394 2219 silvis
413 2181 576 2220 catulus.
605 2180 722 2219 Nunc
741 2180 881 2219 adhibe
899 2191 997 2231 puro

121 2242 235 2281 Tou.
259 2243 318 2283 11.
586 2244 635 2283 M-
