1378 2534
179 244 232 281 80
401 238 725 280 SERMONUM
775 239 830 278 11.
884 240 963 280 viii.
1120 245 1241 284 vdis-

186 352 244 392 Ut
260 350 397 389 melius
415 350 554 397 muria,
581 363 697 402 quam
717 356 818 389 testa
833 349 984 390 marina
999 350 1176 391 remittit.
1239 361 1242 364 ⁴

183 417 341 455 Interea
357 428 544 467 suspensa
561 428 700 466 graves
716 415 852 454 aulaea
868 415 1000 455 ruinas

183 482 231 520 In
249 481 420 533 patinam
437 480 583 526 fecere,
611 481 807 519 trahentia
822 480 993 531 pulveris
1010 481 1086 520 atri

183 547 382 589 Quantum
401 558 480 583 non
500 544 645 596 Aquilo
665 545 873 596 Campanis
889 546 1170 598 excitat-agris.

182 612 280 658 Nos,
299 612 423 662 majus
440 610 568 657 veriti,
594 616 800 661 postquam
818 610 914 650 nihil
932 624 1016 653 esse
1033 611 1172 664 pericli

184 677 397 722 Sensimus,
417 675 616 726 erigimur.
645 674 785 722 Rufus,
814 676 941 727 posito
959 676 1103 729 capite,
1129 684 1175 716 ut
1190 675 1223 716 si

180 743 300 781 Filius
318 741 546 779 immaturus
565 740 723 787 obisset,
751 741 860 780 flere.
886 742 984 785 Quis
1001 748 1107 780 esset

182 807 300 852 Finis,
328 805 367 843 ni
386 805 537 856 sapiens
555 805 610 842 sic
630 804 900 844 Nomentanus
918 806 1086 846 amicum

182 870 378 909 Tolleret?
395 869 503 916 Heu,
519 869 703 908 Fortuna!
723 870 809 920 quis
824 877 884 908 est
896 871 1092 909 crudelior
1103 871 1143 909 in
1161 884 1233 910 noe

182 936 241 974 Te
260 935 356 973 deus
371 935 385 973 ἓ
414 942 458 972 ut
476 947 630 985 semper
647 935 795 986 gaudes
812 934 977 974 illudere
994 937 1112 975 rebus

182 1000 399 1038 Humanis!
428 998 569 1037 Varius
587 1011 728 1050 mappa
745 988 1133 1051 compescere'risum
1173 1017 1178 1021 ·

179 1067 261 1105 Vix
278 1073 454 1118 poterat:
482 1065 654 1111 Balatro,
672 1065 914 1116 suspendens
932 1066 1064 1105 munia
1080 1078 1192 1114 naso,

181 1131 297 1170 Haec
316 1118 568 1169 est‘conditio
586 1129 755 1176 vivendi,
782 1129 933 1174 aiebat:
961 1143 1087 1183 eoque

180 1196 432 1247 Responsura
449 1201 518 1232 tuo
537 1206 736 1245 nunquam
754 1200 814 1232 est
832 1207 903 1245 par
920 1195 1025 1234 fama
1041 1195 1178 1234 labori.

181 1261 305 1307 Tene,
324 1267 368 1298 ut
386 1272 461 1310 ego
478 1258 648 1310 accipiar
666 1258 786 1305 laute,
805 1259 1026 1311 torquerier
1043 1260 1150 1299 omni

182 1323 453 1363 sollicitudine
471 1322 706 1369 districtum,
733 1335 783 1360 ne
800 1323 912 1375 panis
929 1323 1106 1372 adustus,

181 1389 243 1427 Ne
263 1389 363 1426 male
383 1388 585 1427 conditum
598 1390 663 1439 jus
681 1394 923 1439 apponatur;
949 1395 994 1427 ut
1011 1399 1147 1428 omnes

180 1452 403 1492 Praecincti
422 1460 530 1491 recte
541 1452 654 1503 pueri
664 1453 870 1504 .comtique
887 1453 1136 1494 ministrent?

181 1518 298 1556 Adde
316 1518 388 1555 hos
406 1523 612 1568 praeterea
630 1529 764 1562 casus;
790 1517 927 1557 aulaea
944 1525 1060 1557 ruant
1077 1519 1124 1566 si,

181 1583 238 1622 Ut
257 1582 373 1621 modo
388 1597 398 1626 ;
416 1582 447 1619 si
465 1581 638 1633 patinam
656 1581 758 1632 pede
775 1581 905 1633 lapsus
923 1581 1080 1634 frangat
1096 1583 1238 1636 agnos

181 1646 261 1684 Sed
280 1646 553 1692 convivatoris,
580 1645 638 1684 uti
658 1645 782 1692 ducis,
810 1646 1013 1698 ingenium
1031 1660 1095 1686 res
1113 1666 1116 1668 ·

180 1712 382 1750 Adversae
401 1711 548 1750 nudare
566 1710 708 1758 solent,
736 1710 865 1749 celare
882 1711 1094 1751 secundae.

178 1770 416 1814 Nasidienus
428 1777 479 1815 ad
490 1776 600 1814 haec:
614 1775 703 1814 Tibi
715 1776 770 1822 di,
784 1788 1043 1828 quaecunque
1053 1766 1242 1829 preceris,-

180 1840 395 1879 Commoda
413 1840 526 1886 dent;
547 1841 602 1880 ita
623 1842 681 1880 vir
698 1841 822 1880 bonus
841 1853 898 1888 es,
915 1841 1155 1894 convivaque
1174 1856 1240 1883 co·

391 1906 476 1944 mis.

180 1971 234 2009 Et
251 1971 374 2010 soleas
392 1971 531 2023 poscit.
560 1971 661 2009 Tum
677 1971 716 2009 in
734 1971 839 2010 lecto
860 1983 1017 2023 quoque
1034 1972 1188 2013 videres

182 2036 354 2074 Stridere
374 2043 526 2074 secreta
544 2036 686 2075 divisos
705 2048 799 2074 aure
818 2048 1007 2076 susurros.

180 2101 318 2140 Nullos
336 2102 396 2139 his
414 2101 568 2139 mallem
587 2102 699 2140 ludos
717 2109 912 2153 spectasse
928 2115 939 2139 z
966 2102 1038 2140 sed
1054 2102 1123 2142 illa

180 2166 333 2212 Redde,
361 2179 448 2218 age,
468 2179 568 2218 quae
587 2166 775 2218 deinceps
791 2165 921 2206 risisti.
948 2165 1128 2207 Vibidius
1145 2166 1244 2208 dm}
