1378 2534
50 301 54 303 .
118 269 207 305 ιδ.
427 259 748 302 SERMONUM
799 258 834 297 1.
886 258 939 296 iii.
1127 258 1171 294 11

119 375 245 422 Voce,
253 373 370 412 modo
379 372 624 419 humanat
634 382 734 423 quse
744 367 899 408 chordis
905 374 1071 419 quatuor
1081 365 1170 403 ima.

120 440 188 479 Nil
204 438 365 491 aequale
380 437 526 476 homini
542 435 617 475 fuit
639 435 706 473 illi.
734 433 859 485 Saepe
876 432 984 470 velut
1002 431 1069 482 qui

121 505 312 544 cnmebat
326 502 481 554 fugiens
497 501 648 539 hostem
663 515 674 543 ς
698 510 885 551 persaepe
902 497 1009 535 velut
1026 496 1093 548 qui

119 569 286 608 Junonis
301 580 412 606 sacra
426 566 569 605 ferret:
596 564 763 602 habebat
780 575 895 614 saepe
915 561 1120 608 ducentos,

123 633 248 686 Saepe
258 633 396 671 decem
406 643 553 669 servos:
564 629 680 667 modo
690 641 803 679 reges
814 634 931 679 atque
942 616 1171 673 teti-archang

118 696 592 748 Omniamagnadoquenae
598 692 790 739 modo,Sit
795 692 889 730 mihi
900 692 1173 743 mensatripes,

122 760 377 800 Conchssalis
386 759 733 811 puri,ettogaquae
743 756 954 794 defendere
964 755 1100 807 frigus,
1107 757 1174 806 [et

122 825 306 870 Quamvis
322 837 463 870 crassa,
474 830 602 875 queat.
627 821 772 859 Decies
794 828 959 859 centena
976 819 1149 858 dedisses

124 890 233 929 Huic
248 902 380 941 parco,
397 887 532 939 paucis
549 892 747 930 contento,
766 885 936 936 quinque
954 884 1091 922 diebus

122 955 191 994 Nil
208 960 294 993 erat
308 953 349 991 in
364 951 513 990 loculis.
541 949 688 987 Noctes
703 948 885 1000 vigilabat
899 948 950 986 ad
966 948 1092 999 ipsum

123 1019 272 1061 Mane}
297 1017 401 1054 diem
417 1022 542 1053 totum
559 1012 759 1051 stertebat.
780 1011 847 1049 Nil
865 1011 939 1049 fuit
956 1024 1126 1063 unquam

128 1082 195 1121 Sic
212 1082 333 1132 impar
349 1078 435 1116 sihi.
461 1077 577 1115 Nunc
588 1076 726 1127 aliquis
739 1075 845 1113 dicat
854 1076 963 1122 mihi,
981 1077 1087 1119 Quid
1103 1078 1175 1116 tu?

127 1145 295 1184 Nullane
311 1143 431 1181 habes
447 1141 560 1179 vitia?
580 1140 665 1178 Imo
678 1139 767 1185 alia,
778 1147 819 1176 et
835 1138 997 1177 fortasse
1014 1139 1177 1179 minora.

128 1210 310 1250 Maenius
318 1204 686 1246 absentemNovium
698 1216 787 1241 cum
798 1212 987 1255 carperet:
993 1203 1106 1242 Heus
1118 1212 1178 1252 tu,

129 1274 295 1319 Quidam
305 1273 374 1319 ait,
386 1272 539 1322 ignoras
552 1270 614 1307 te?
634 1281 697 1314 an,
709 1275 753 1306 ut
766 1268 1055 1319 ignotum,dare
1066 1269 1178 1307 nobis

128 1339 260 1377 Verba
268 1336 400 1390 punis?
421 1334 588 1386 Egomet
598 1334 652 1370 mi
663 1333 838 1383 ignosco,
850 1332 1031 1370 Maenius
1042 1332 1180 1384 inquit.

131 1403 279 1442 Stultus
289 1408 331 1439 et
340 1400 536 1451 improbus
546 1398 611 1436 hic
622 1410 730 1435 amor
739 1397 1030 1448 esgdignusque
1041 1399 1179 1437 notari.

131 1467 231 1506 Cum
240 1474 309 1504 tua
317 1463 541 1516 praevideas
551 1462 673 1500 oculis
684 1461 785 1499 male
795 1461 922 1512 lippus
933 1461 1117 1510 inunctis,

131 1532 212 1577 Cur
228 1531 268 1567 in
285 1529 497 1567 amicorum
513 1527 616 1564 vitiis
632 1533 712 1564 tam
730 1525 856 1564 cernis
873 1533 1046 1572 acutum,

131 1597 258 1639 Quam
270 1602 338 1632 aut
354 1593 494 1644 aquila,
512 1599 579 1629 aut
589 1604 747 1642 serpens
762 1589 1016 1641 Epidaurius?
1038 1592 1095 1629 At
1108 1592 1181 1630 tibi

135 1659 287 1704 Evenit,
305 1657 499 1708 inquirant
509 1656 603 1693 vitia
612 1662 657 1693 ut
669 1663 738 1693 tua
748 1667 877 1692 rursus
888 1662 929 1692 et
940 1654 1007 1691 illi.
1021 1656 1182 1704 [contra

135 1722 365 1762 Iracundior
382 1728 441 1759 est
457 1720 609 1772 paullo:
632 1720 759 1757 minus
777 1727 888 1770 aptus
906 1720 1029 1757 acutis

135 1788 304 1826 Naribus
320 1787 457 1825 horum
470 1785 668 1823 hominum
680 1798 691 1820 t
710 1783 825 1821 rideri
842 1783 963 1834 possit
980 1796 1043 1830 eo,
1061 1785 1166 1835 quod

138 1851 334 1890 Rusticius
350 1858 462 1888 tonso
480 1856 572 1900 toga
589 1848 739 1894 defluit,
758 1854 800 1885 et
817 1847 917 1885 male
935 1847 1046 1886 laxus

136 1915 184 1952 In
194 1915 295 1966 pede
305 1914 459 1953 calceus
469 1913 613 1951 haeret.
639 1913 695 1950 At
705 1918 765 1949 est
775 1912 914 1958 bonus,
928 1919 971 1949 ut
981 1912 1117 1950 melior
1126 1914 1186 1951 vir

141 1979 229 2017 Non
246 1979 343 2018 alius
360 1978 582 2029 quisquam:
600 1984 640 2014 at
657 1976 728 2014 tibi
741 1976 907 2014 amicus:
928 1983 970 2014 at
986 1976 1184 2027 ingenium

340 2055 476 2094 ingens

142 2106 293 2144 Inculto
309 2107 406 2144 latet
422 2107 497 2145 hoc
514 2107 585 2144 sub
600 2118 775 2157 corpore.
792 2104 974 2156 Denique
991 2105 1159 2155 teipsum

142 2171 331 2218 Concute,
348 2184 441 2209 num
458 2184 534 2222 qua
550 2170 621 2208 tibi
637 2169 816 2208 vitiorum
833 2168 1014 2207 inseverit
1030 2169 1122 2208 olim
