<?xml version="1.0" encoding="UTF-8"?>
<!DOCTYPE html PUBLIC "-//W3C//DTD XHTML 1.0 Transitional//EN"
    "http://www.w3.org/TR/xhtml1/DTD/xhtml1-transitional.dtd">
<html xmlns="http://www.w3.org/1999/xhtml" xml:lang="en" lang="en">
 <head>
  <title>
</title>
<meta http-equiv="Content-Type" content="text/html;charset=utf-8" />
  <meta name='ocr-system' content='tesseract 3.04.00' />
  <meta name='ocr-capabilities' content='ocr_page ocr_carea ocr_par ocr_line ocrx_word'/>
</head>
<body>
  <div class='ocr_page' id='page_1' title='image "./operahunt02horauoft_0204.png"; bbox 0 0 1378 2534; ppageno 0'>
   <div class='ocr_carea' id='block_1_1' title="bbox 229 255 892 297">
    <p class='ocr_par' dir='ltr' id='par_1_1' title="bbox 229 255 892 297">
     <span class='ocr_line' id='line_1_1' title="bbox 229 255 892 297; baseline -0.002 -2"><span class='ocrx_word' id='word_1_1' title='bbox 229 259 303 297; x_wconf 73' lang='lat'>194</span> <span class='ocrx_word' id='word_1_2' title='bbox 624 255 892 296; x_wconf 87' lang='lat' dir='ltr'><strong>NOTULAE</strong></span> 
     </span>
    </p>
   </div>
   <div class='ocr_carea' id='block_1_2' title="bbox 504 345 1023 374">
    <p class='ocr_par' dir='ltr' id='par_1_2' title="bbox 504 345 1023 374">
     <span class='ocr_line' id='line_1_2' title="bbox 504 345 1023 374; baseline 0.006 -3"><span class='ocrx_word' id='word_1_3' title='bbox 504 346 552 371; x_wconf 83' lang='lat' dir='ltr'>IN</span> <span class='ocrx_word' id='word_1_4' title='bbox 579 345 665 372; x_wconf 78' lang='lat' dir='ltr'>Lm.</span> <span class='ocrx_word' id='word_1_5' title='bbox 694 346 743 373; x_wconf 85' lang='lat'>11.</span> <span class='ocrx_word' id='word_1_6' title='bbox 771 346 1023 374; x_wconf 73' lang='lat' dir='ltr'>SERMONUM.</span> 
     </span>
    </p>
   </div>
   <div class='ocr_carea' id='block_1_3' title="bbox 184 430 1293 1196">
    <p class='ocr_par' dir='ltr' id='par_1_3' title="bbox 186 430 1293 611">
     <span class='ocr_line' id='line_1_3' title="bbox 191 430 1293 483; baseline 0.002 -13"><span class='ocrx_word' id='word_1_7' title='bbox 191 446 193 449; x_wconf 72' lang='grc'>’</span> <span class='ocrx_word' id='word_1_8' title='bbox 235 431 381 483; x_wconf 91' lang='lat' dir='ltr'>optimo</span> <span class='ocrx_word' id='word_1_9' title='bbox 401 443 559 469; x_wconf 85' lang='lat' dir='ltr'>suorum</span> <span class='ocrx_word' id='word_1_10' title='bbox 579 430 832 478; x_wconf 81' lang='lat' dir='ltr'>Pulmannus‚</span> <span class='ocrx_word' id='word_1_11' title='bbox 859 431 956 470; x_wconf 78' lang='lat' dir='ltr'>etin</span> <span class='ocrx_word' id='word_1_12' title='bbox 983 431 1110 483; x_wconf 87' lang='lat' dir='ltr'>Regio</span> <span class='ocrx_word' id='word_1_13' title='bbox 1142 439 1184 472; x_wconf 88' lang='lat' dir='ltr'>et</span> <span class='ocrx_word' id='word_1_14' title='bbox 1214 433 1293 472; x_wconf 88' lang='lat' dir='ltr'>Zu-</span> 
     </span>
     <span class='ocr_line' id='line_1_4' title="bbox 186 495 1293 548; baseline 0.003 -14"><span class='ocrx_word' id='word_1_15' title='bbox 186 510 189 512; x_wconf 80' lang='grc'><strong><em>’</em></strong></span> <span class='ocrx_word' id='word_1_16' title='bbox 231 495 323 534; x_wconf 89' lang='lat' dir='ltr'>lich.</span> <span class='ocrx_word' id='word_1_17' title='bbox 342 496 557 542; x_wconf 78' lang='lat' dir='ltr'>Bensseius,</span> <span class='ocrx_word' id='word_1_18' title='bbox 585 503 626 534; x_wconf 81' lang='lat' dir='ltr'>et</span> <span class='ocrx_word' id='word_1_19' title='bbox 653 509 724 548; x_wconf 87' lang='lat' dir='ltr'>pro</span> <span class='ocrx_word' id='word_1_20' title='bbox 742 496 848 534; x_wconf 83' lang='lat' dir='ltr'>varia</span> <span class='ocrx_word' id='word_1_21' title='bbox 876 496 1048 536; x_wconf 74' lang='lat' dir='ltr'>lectione</span> <span class='ocrx_word' id='word_1_22' title='bbox 1079 497 1119 535; x_wconf 90' lang='lat' dir='ltr'>in</span> <span class='ocrx_word' id='word_1_23' title='bbox 1154 497 1293 537; x_wconf 82' lang='lat' dir='ltr'>codice</span> 
     </span>
     <span class='ocr_line' id='line_1_5' title="bbox 233 559 920 611; baseline 0.003 -13"><span class='ocrx_word' id='word_1_24' title='bbox 233 560 383 611; x_wconf 88' lang='lat' dir='ltr'>Regiae</span> <span class='ocrx_word' id='word_1_25' title='bbox 405 559 626 598; x_wconf 79' lang='lat' dir='ltr'>Societatis.</span> <span class='ocrx_word' id='word_1_26' title='bbox 680 560 770 599; x_wconf 84' lang='lat' dir='ltr'>vid.</span> <span class='ocrx_word' id='word_1_27' title='bbox 790 561 920 600; x_wconf 83' lang='lat' dir='ltr'>Bentl.</span> 
     </span>
    </p>

    <p class='ocr_par' dir='ltr' id='par_1_4' title="bbox 232 623 1293 858">
     <span class='ocr_line' id='line_1_6' title="bbox 273 623 1293 678; baseline 0.003 -17"><span class='ocrx_word' id='word_1_28' title='bbox 273 624 349 661; x_wconf 92' lang='lat'>111.</span> <span class='ocrx_word' id='word_1_29' title='bbox 363 627 452 663; x_wconf 79' lang='lat'><strong>313.</strong></span> <span class='ocrx_word' id='word_1_30' title='bbox 477 623 555 662; x_wconf 83' lang='lat' dir='ltr'>Pro</span> <span class='ocrx_word' id='word_1_31' title='bbox 568 630 673 663; x_wconf 82' lang='lat' dir='ltr'><strong><em>tanto</em></strong></span> <span class='ocrx_word' id='word_1_32' title='bbox 685 625 910 672; x_wconf 77' lang='lat' dir='ltr'><em>dissimilem,</em></span> <span class='ocrx_word' id='word_1_33' title='bbox 919 625 1114 678; x_wconf 89' lang='lat' dir='ltr'>Cruquius</span> <span class='ocrx_word' id='word_1_34' title='bbox 1125 625 1164 664; x_wconf 92' lang='lat' dir='ltr'>in</span> <span class='ocrx_word' id='word_1_35' title='bbox 1176 626 1293 664; x_wconf 85' lang='lat' dir='ltr'>Blan-</span> 
     </span>
     <span class='ocr_line' id='line_1_7' title="bbox 233 690 1290 739; baseline 0.003 -12"><span class='ocrx_word' id='word_1_36' title='bbox 233 690 339 728; x_wconf 90' lang='lat' dir='ltr'>dinio</span> <span class='ocrx_word' id='word_1_37' title='bbox 358 690 580 736; x_wconf 87' lang='lat' dir='ltr'>veterrimo,</span> <span class='ocrx_word' id='word_1_38' title='bbox 608 697 649 728; x_wconf 91' lang='lat' dir='ltr'>et</span> <span class='ocrx_word' id='word_1_39' title='bbox 675 690 715 728; x_wconf 90' lang='lat' dir='ltr'>in</span> <span class='ocrx_word' id='word_1_40' title='bbox 733 691 857 729; x_wconf 90' lang='lat' dir='ltr'>altero</span> <span class='ocrx_word' id='word_1_41' title='bbox 874 692 1001 730; x_wconf 81' lang='lat' dir='ltr'>bonae</span> <span class='ocrx_word' id='word_1_42' title='bbox 1021 697 1153 739; x_wconf 72' lang='lat' dir='ltr'>notae,</span> <span class='ocrx_word' id='word_1_43' title='bbox 1184 690 1290 730; x_wconf 83' lang='lat' dir='ltr'><strong>Ton-</strong></span> 
     </span>
     <span class='ocr_line' id='line_1_8' title="bbox 233 753 1291 802; baseline 0 -9"><span class='ocrx_word' id='word_1_44' title='bbox 233 768 342 801; x_wconf 82' lang='lat' dir='ltr'>sano,</span> <span class='ocrx_word' id='word_1_45' title='bbox 369 760 513 792; x_wconf 82' lang='lat' dir='ltr'><em>tantum</em></span> <span class='ocrx_word' id='word_1_46' title='bbox 531 753 743 793; x_wconf 78' lang='lat' dir='ltr'><em>dissimilem</em></span> <span class='ocrx_word' id='word_1_47' title='bbox 762 754 925 802; x_wconf 83' lang='lat' dir='ltr'>invenit,</span> <span class='ocrx_word' id='word_1_48' title='bbox 953 755 978 793; x_wconf 85' lang='lat' dir='ltr'>i.</span> <span class='ocrx_word' id='word_1_49' title='bbox 1003 768 1038 794; x_wconf 89' lang='lat' dir='ltr'>e.</span> <span class='ocrx_word' id='word_1_50' title='bbox 1070 762 1149 794; x_wconf 84' lang='lat' dir='ltr'>tam</span> <span class='ocrx_word' id='word_1_51' title='bbox 1181 754 1291 794; x_wconf 84' lang='lat' dir='ltr'>dissi-</span> 
     </span>
     <span class='ocr_line' id='line_1_9' title="bbox 232 820 375 858; baseline -0.007 -1"><span class='ocrx_word' id='word_1_52' title='bbox 232 820 375 858; x_wconf 87' lang='lat' dir='ltr'>milem.</span> 
     </span>
    </p>

    <p class='ocr_par' dir='ltr' id='par_1_5' title="bbox 184 883 1292 1196">
     <span class='ocr_line' id='line_1_10' title="bbox 284 883 1289 933; baseline -0.001 -10"><span class='ocrx_word' id='word_1_53' title='bbox 284 885 374 925; x_wconf 79' lang='lat'>317.</span> <span class='ocrx_word' id='word_1_54' title='bbox 428 883 509 922; x_wconf 91' lang='lat' dir='ltr'>Hic</span> <span class='ocrx_word' id='word_1_55' title='bbox 528 896 660 922; x_wconf 88' lang='lat' dir='ltr'>versus</span> <span class='ocrx_word' id='word_1_56' title='bbox 679 883 783 922; x_wconf 87' lang='lat' dir='ltr'>varie</span> <span class='ocrx_word' id='word_1_57' title='bbox 802 883 958 933; x_wconf 84' lang='lat' dir='ltr'>legitur.</span> <span class='ocrx_word' id='word_1_58' title='bbox 990 904 994 906; x_wconf 36' lang='lat' dir='ltr'>v</span> <span class='ocrx_word' id='word_1_59' title='bbox 1020 883 1098 922; x_wconf 89' lang='lat' dir='ltr'>Pro</span> <span class='ocrx_word' id='word_1_60' title='bbox 1125 884 1289 930; x_wconf 78' lang='lat' dir='ltr'>tandem,</span> 
     </span>
     <span class='ocr_line' id='line_1_11' title="bbox 233 948 1292 996; baseline 0 -8"><span class='ocrx_word' id='word_1_61' title='bbox 233 963 324 988; x_wconf 90' lang='lat' dir='ltr'>cum</span> <span class='ocrx_word' id='word_1_62' title='bbox 353 948 548 995; x_wconf 88' lang='lat' dir='ltr'>Bentleio,</span> <span class='ocrx_word' id='word_1_63' title='bbox 589 949 777 995; x_wconf 87' lang='lat' dir='ltr'>Baxtero‚</span> <span class='ocrx_word' id='word_1_64' title='bbox 810 948 909 996; x_wconf 86' lang='lat' dir='ltr'>aliis,</span> <span class='ocrx_word' id='word_1_65' title='bbox 948 962 1001 987; x_wconf 83' lang='lat' dir='ltr'>ex</span> <span class='ocrx_word' id='word_1_66' title='bbox 1030 949 1292 988; x_wconf 77' lang='lat' dir='ltr'>vetustissimo</span> 
     </span>
     <span class='ocr_line' id='line_1_12' title="bbox 232 1013 1288 1065; baseline 0 -13"><span class='ocrx_word' id='word_1_67' title='bbox 232 1014 440 1053; x_wconf 86' lang='lat' dir='ltr'>Blandinio</span> <span class='ocrx_word' id='word_1_68' title='bbox 458 1020 500 1051; x_wconf 89' lang='lat' dir='ltr'>et</span> <span class='ocrx_word' id='word_1_69' title='bbox 528 1013 710 1051; x_wconf 83' lang='lat' dir='ltr'>Tonsano</span> <span class='ocrx_word' id='word_1_70' title='bbox 741 1013 918 1065; x_wconf 88' lang='lat' dir='ltr'>Cruquii,</span> <span class='ocrx_word' id='word_1_71' title='bbox 958 1021 1000 1052; x_wconf 82' lang='lat' dir='ltr'>et</span> <span class='ocrx_word' id='word_1_72' title='bbox 1016 1013 1155 1052; x_wconf 85' lang='lat' dir='ltr'>codice</span> <span class='ocrx_word' id='word_1_73' title='bbox 1188 1013 1288 1052; x_wconf 86' lang='lat' dir='ltr'>Coll.</span> 
     </span>
     <span class='ocr_line' id='line_1_13' title="bbox 233 1077 1291 1131; baseline 0 -15"><span class='ocrx_word' id='word_1_74' title='bbox 233 1078 449 1125; x_wconf 88' lang='lat' dir='ltr'>Trinitatis,</span> <span class='ocrx_word' id='word_1_75' title='bbox 468 1078 646 1117; x_wconf 83' lang='lat' dir='ltr'><strong>dedimus</strong></span> <span class='ocrx_word' id='word_1_76' title='bbox 659 1083 818 1125; x_wconf 85' lang='lat' dir='ltr'><strong><em>tantum,</em></strong></span> <span class='ocrx_word' id='word_1_77' title='bbox 846 1078 1041 1131; x_wconf 78' lang='lat' dir='ltr'><strong>quomodo</strong></span> <span class='ocrx_word' id='word_1_78' title='bbox 1054 1085 1096 1116; x_wconf 84' lang='lat' dir='ltr'>et</span> <span class='ocrx_word' id='word_1_79' title='bbox 1112 1077 1291 1130; x_wconf 80' lang='lat' dir='ltr'>Porphy-</span> 
     </span>
     <span class='ocr_line' id='line_1_14' title="bbox 184 1143 1290 1196; baseline 0 -14"><span class='ocrx_word' id='word_1_80' title='bbox 184 1146 189 1147; x_wconf 64' lang='grc'><em>’</em></span> <span class='ocrx_word' id='word_1_81' title='bbox 231 1144 317 1182; x_wconf 88' lang='lat' dir='ltr'>rion</span> <span class='ocrx_word' id='word_1_82' title='bbox 331 1144 472 1195; x_wconf 88' lang='lat' dir='ltr'>legisse</span> <span class='ocrx_word' id='word_1_83' title='bbox 486 1144 658 1182; x_wconf 83' lang='lat' dir='ltr'>videtur:</span> <span class='ocrx_word' id='word_1_84' title='bbox 676 1149 820 1181; x_wconf 82' lang='lat' dir='ltr'><em>tantum</em></span> <span class='ocrx_word' id='word_1_85' title='bbox 835 1156 986 1196; x_wconf 80' lang='lat' dir='ltr'><strong><em>magna,</em></strong></span> <span class='ocrx_word' id='word_1_86' title='bbox 1001 1143 1025 1181; x_wconf 87' lang='lat' dir='ltr'>i.</span> <span class='ocrx_word' id='word_1_87' title='bbox 1040 1156 1076 1182; x_wconf 84' lang='lat' dir='ltr'>e.</span> <span class='ocrx_word' id='word_1_88' title='bbox 1089 1150 1168 1181; x_wconf 88' lang='lat' dir='ltr'>tam</span> <span class='ocrx_word' id='word_1_89' title='bbox 1181 1155 1290 1194; x_wconf 76' lang='lat' dir='ltr'><strong>mag·</strong></span> 
     </span>
    </p>
   </div>
   <div class='ocr_carea' id='block_1_4' title="bbox 171 1205 1290 1260">
    <p class='ocr_par' dir='ltr' id='par_1_6' title="bbox 171 1205 1290 1260">
     <span class='ocr_line' id='line_1_15' title="bbox 171 1205 1290 1260; baseline -0.001 -14"><span class='ocrx_word' id='word_1_90' title='bbox 171 1205 175 1208; x_wconf 59' lang='grc'>’</span> <span class='ocrx_word' id='word_1_91' title='bbox 230 1221 294 1248; x_wconf 80' lang='lat' dir='ltr'>na.</span> <span class='ocrx_word' id='word_1_92' title='bbox 349 1213 376 1232; x_wconf 91' lang='lat'><strong>“</strong></span> <span class='ocrx_word' id='word_1_93' title='bbox 404 1208 521 1251; x_wconf 84' lang='lat' dir='ltr'><strong>Quod</strong></span> <span class='ocrx_word' id='word_1_94' title='bbox 539 1215 671 1246; x_wconf 82' lang='lat' dir='ltr'>autem</span> <span class='ocrx_word' id='word_1_95' title='bbox 689 1208 879 1260; x_wconf 85' lang='lat' dir='ltr'>sequitur,</span> <span class='ocrx_word' id='word_1_96' title='bbox 896 1207 1053 1259; x_wconf 57' lang='lat' dir='ltr'>,sufflans</span> <span class='ocrx_word' id='word_1_97' title='bbox 1070 1220 1110 1246; x_wconf 73' lang='lat' dir='ltr'>ee</span> <span class='ocrx_word' id='word_1_98' title='bbox 1137 1207 1179 1245; x_wconf 84' lang='lat' dir='ltr'>in</span> <span class='ocrx_word' id='word_1_99' title='bbox 1204 1206 1290 1259; x_wconf 83' lang='lat' dir='ltr'>plu-</span> 
     </span>
    </p>
   </div>
   <div class='ocr_carea' id='block_1_5' title="bbox 230 1272 1315 2230">
    <p class='ocr_par' dir='ltr' id='par_1_7' title="bbox 230 1272 1315 1845">
     <span class='ocr_line' id='line_1_16' title="bbox 233 1272 1290 1325; baseline -0.001 -13"><span class='ocrx_word' id='word_1_100' title='bbox 233 1279 260 1298; x_wconf 88' lang='lat'><strong>“</strong></span> <span class='ocrx_word' id='word_1_101' title='bbox 288 1274 395 1312; x_wconf 88' lang='lat' dir='ltr'>ribus</span> <span class='ocrx_word' id='word_1_102' title='bbox 414 1273 577 1325; x_wconf 88' lang='lat' dir='ltr'>Cruquii</span> <span class='ocrx_word' id='word_1_103' title='bbox 596 1280 637 1312; x_wconf 89' lang='lat' dir='ltr'>et</span> <span class='ocrx_word' id='word_1_104' title='bbox 654 1273 818 1311; x_wconf 85' lang='lat' dir='ltr'>aliorum</span> <span class='ocrx_word' id='word_1_105' title='bbox 836 1279 988 1318; x_wconf 77' lang='lat' dir='ltr'>exstat3</span> <span class='ocrx_word' id='word_1_106' title='bbox 1014 1272 1055 1310; x_wconf 86' lang='lat' dir='ltr'>in</span> <span class='ocrx_word' id='word_1_107' title='bbox 1082 1272 1167 1312; x_wconf 75' lang='lat' dir='ltr'>aliis</span> <span class='ocrx_word' id='word_1_108' title='bbox 1190 1279 1231 1312; x_wconf 88' lang='lat' dir='ltr'>et</span> <span class='ocrx_word' id='word_1_109' title='bbox 1247 1272 1290 1311; x_wconf 85' lang='lat' dir='ltr'>in</span> 
     </span>
     <span class='ocr_line' id='line_1_17' title="bbox 232 1337 1315 1391; baseline 0 -15"><span class='ocrx_word' id='word_1_110' title='bbox 232 1343 260 1364; x_wconf 79' lang='lat'>‘⁴</span> <span class='ocrx_word' id='word_1_111' title='bbox 286 1339 423 1391; x_wconf 83' lang='lat' dir='ltr'>priscis</span> <span class='ocrx_word' id='word_1_112' title='bbox 443 1338 678 1377; x_wconf 86' lang='lat' dir='ltr'><strong>editionibus</strong></span> <span class='ocrx_word' id='word_1_113' title='bbox 690 1337 847 1389; x_wconf 57' lang='lat' dir='ltr'>sqfflans</span> <span class='ocrx_word' id='word_1_114' title='bbox 866 1338 903 1376; x_wconf 80' lang='lat' dir='ltr'>si</span> <span class='ocrx_word' id='word_1_115' title='bbox 911 1353 929 1382; x_wconf 91' lang='lat'>,·</span> <span class='ocrx_word' id='word_1_116' title='bbox 949 1338 990 1376; x_wconf 90' lang='lat' dir='ltr'>in</span> <span class='ocrx_word' id='word_1_117' title='bbox 1003 1337 1200 1376; x_wconf 76' lang='lat' dir='ltr'><strong>nonnullis</strong></span> <span class='ocrx_word' id='word_1_118' title='bbox 1210 1339 1291 1390; x_wconf 58' lang='lat' dir='ltr'>suf</span> <span class='ocrx_word' id='word_1_119' title='bbox 1310 1353 1315 1360; x_wconf 92' lang='lat'><strong>·</strong></span> 
     </span>
     <span class='ocr_line' id='line_1_18' title="bbox 232 1401 1290 1454; baseline 0 -13"><span class='ocrx_word' id='word_1_120' title='bbox 232 1408 260 1427; x_wconf 91' lang='lat'><strong>“</strong></span> <span class='ocrx_word' id='word_1_121' title='bbox 271 1403 383 1453; x_wconf 77' lang='lat' dir='ltr'>flans</span> <span class='ocrx_word' id='word_1_122' title='bbox 401 1403 453 1441; x_wconf 78' lang='lat' dir='ltr'>sic</span> <span class='ocrx_word' id='word_1_123' title='bbox 466 1419 484 1448; x_wconf 89' lang='lat'>,·</span> <span class='ocrx_word' id='word_1_124' title='bbox 527 1403 567 1440; x_wconf 91' lang='lat' dir='ltr'>in</span> <span class='ocrx_word' id='word_1_125' title='bbox 599 1402 722 1450; x_wconf 85' lang='lat' dir='ltr'><strong>nullo,</strong></span> <span class='ocrx_word' id='word_1_126' title='bbox 761 1402 875 1454; x_wconf 88' lang='lat' dir='ltr'><strong>quod-</strong></span> <span class='ocrx_word' id='word_1_127' title='bbox 894 1402 1029 1450; x_wconf 81' lang='lat' dir='ltr'>sciam,</span> <span class='ocrx_word' id='word_1_128' title='bbox 1069 1415 1109 1440; x_wconf 79' lang='lat' dir='ltr'>se</span> <span class='ocrx_word' id='word_1_129' title='bbox 1134 1401 1290 1453; x_wconf 69' lang='lat' dir='ltr'>ivfians,</span> 
     </span>
     <span class='ocr_line' id='line_1_19' title="bbox 234 1466 1289 1519; baseline 0 -14"><span class='ocrx_word' id='word_1_130' title='bbox 234 1471 261 1492; x_wconf 91' lang='lat'><strong>“</strong></span> <span class='ocrx_word' id='word_1_131' title='bbox 290 1468 395 1518; x_wconf 89' lang='lat' dir='ltr'><strong>quod</strong></span> <span class='ocrx_word' id='word_1_132' title='bbox 412 1480 437 1505; x_wconf 87' lang='lat' dir='ltr'>a</span> <span class='ocrx_word' id='word_1_133' title='bbox 455 1474 677 1506; x_wconf 85' lang='lat' dir='ltr'>correctore</span> <span class='ocrx_word' id='word_1_134' title='bbox 697 1466 830 1505; x_wconf 80' lang='lat' dir='ltr'>nescio</span> <span class='ocrx_word' id='word_1_135' title='bbox 850 1479 927 1519; x_wconf 90' lang='lat' dir='ltr'>quo</span> <span class='ocrx_word' id='word_1_136' title='bbox 957 1466 1152 1519; x_wconf 84' lang='lat' dir='ltr'><strong>prolatum</strong></span> <span class='ocrx_word' id='word_1_137' title='bbox 1182 1466 1289 1505; x_wconf 87' lang='lat' dir='ltr'>vide-</span> 
     </span>
     <span class='ocr_line' id='line_1_20' title="bbox 234 1531 1289 1584; baseline 0 -14"><span class='ocrx_word' id='word_1_138' title='bbox 234 1538 262 1558; x_wconf 85' lang='lat'><strong>“</strong></span> <span class='ocrx_word' id='word_1_139' title='bbox 289 1539 354 1570; x_wconf 87' lang='lat' dir='ltr'>tur</span> <span class='ocrx_word' id='word_1_140' title='bbox 372 1545 423 1571; x_wconf 85' lang='lat' dir='ltr'>ex</span> <span class='ocrx_word' id='word_1_141' title='bbox 442 1545 556 1570; x_wconf 88' lang='lat' dir='ltr'>versu</span> <span class='ocrx_word' id='word_1_142' title='bbox 571 1533 803 1584; x_wconf 80' lang='lat' dir='ltr'>sequente.’&#39;</span> <span class='ocrx_word' id='word_1_143' title='bbox 832 1531 994 1570; x_wconf 67' lang='lat' dir='ltr'><strong>Banu.</strong></span> <span class='ocrx_word' id='word_1_144' title='bbox 1046 1531 1230 1584; x_wconf 83' lang='lat' dir='ltr'>Denique</span> <span class='ocrx_word' id='word_1_145' title='bbox 1248 1531 1289 1570; x_wconf 88' lang='lat' dir='ltr'>in</span> 
     </span>
     <span class='ocr_line' id='line_1_21' title="bbox 231 1594 1288 1649; baseline 0 -13"><span class='ocrx_word' id='word_1_146' title='bbox 231 1610 347 1636; x_wconf 78' lang='lat' dir='ltr'>versu</span> <span class='ocrx_word' id='word_1_147' title='bbox 366 1604 569 1649; x_wconf 83' lang='lat' dir='ltr'>sequente,</span> <span class='ocrx_word' id='word_1_148' title='bbox 589 1594 660 1648; x_wconf 85' lang='lat' dir='ltr'>pr&#39;o</span> <span class='ocrx_word' id='word_1_149' title='bbox 679 1610 765 1634; x_wconf 87' lang='lat' dir='ltr'>num</span> <span class='ocrx_word' id='word_1_150' title='bbox 779 1602 884 1635; x_wconf 83' lang='lat' dir='ltr'><em>tanto</em></span> <span class='ocrx_word' id='word_1_151' title='bbox 896 1595 917 1633; x_wconf 73' lang='lat'>‚9</span> <span class='ocrx_word' id='word_1_152' title='bbox 946 1595 1150 1634; x_wconf 82' lang='lat' dir='ltr'>Leidensis</span> <span class='ocrx_word' id='word_1_153' title='bbox 1167 1596 1288 1636; x_wconf 85' lang='lat' dir='ltr'>Bent-</span> 
     </span>
     <span class='ocr_line' id='line_1_22' title="bbox 231 1661 1288 1714; baseline 0.002 -14"><span class='ocrx_word' id='word_1_154' title='bbox 231 1662 298 1702; x_wconf 87' lang='lat' dir='ltr'>leii</span> <span class='ocrx_word' id='word_1_155' title='bbox 317 1669 358 1701; x_wconf 87' lang='lat' dir='ltr'>et</span> <span class='ocrx_word' id='word_1_156' title='bbox 372 1662 472 1701; x_wconf 87' lang='lat' dir='ltr'><strong>Coll.</strong></span> <span class='ocrx_word' id='word_1_157' title='bbox 492 1661 693 1699; x_wconf 87' lang='lat' dir='ltr'>Trinitatis</span> <span class='ocrx_word' id='word_1_158' title='bbox 710 1661 808 1700; x_wconf 88' lang='lat' dir='ltr'>liber</span> <span class='ocrx_word' id='word_1_159' title='bbox 826 1675 912 1700; x_wconf 82' lang='lat' dir='ltr'>num</span> <span class='ocrx_word' id='word_1_160' title='bbox 925 1667 1070 1700; x_wconf 78' lang='lat' dir='ltr'><em>tantum</em></span> <span class='ocrx_word' id='word_1_161' title='bbox 1081 1661 1102 1699; x_wconf 77' lang='lat'>.2</span> <span class='ocrx_word' id='word_1_162' title='bbox 1127 1675 1288 1714; x_wconf 82' lang='lat' dir='ltr'><strong>quomo-</strong></span> 
     </span>
     <span class='ocr_line' id='line_1_23' title="bbox 230 1723 1287 1780; baseline -0.001 -13"><span class='ocrx_word' id='word_1_163' title='bbox 230 1728 282 1767; x_wconf 87' lang='lat' dir='ltr'>do</span> <span class='ocrx_word' id='word_1_164' title='bbox 301 1735 342 1767; x_wconf 89' lang='lat' dir='ltr'>et</span> <span class='ocrx_word' id='word_1_165' title='bbox 374 1723 569 1780; x_wconf 85' lang='lat' dir='ltr'>Cruquius</span> <span class='ocrx_word' id='word_1_166' title='bbox 601 1727 738 1775; x_wconf 85' lang='lat' dir='ltr'>edidit,</span> <span class='ocrx_word' id='word_1_167' title='bbox 769 1727 873 1765; x_wconf 87' lang='lat' dir='ltr'><strong>haud</strong></span> <span class='ocrx_word' id='word_1_168' title='bbox 904 1727 986 1766; x_wconf 85' lang='lat' dir='ltr'>scio</span> <span class='ocrx_word' id='word_1_169' title='bbox 1015 1740 1068 1766; x_wconf 80' lang='lat' dir='ltr'>an</span> <span class='ocrx_word' id='word_1_170' title='bbox 1080 1726 1087 1732; x_wconf 70' lang='grc'>’</span> <span class='ocrx_word' id='word_1_171' title='bbox 1099 1740 1152 1766; x_wconf 83' lang='lat' dir='ltr'>ex</span> <span class='ocrx_word' id='word_1_172' title='bbox 1179 1727 1287 1766; x_wconf 86' lang='lat' dir='ltr'>libris</span> 
     </span>
     <span class='ocr_line' id='line_1_24' title="bbox 230 1793 398 1845; baseline -0.006 -13"><span class='ocrx_word' id='word_1_173' title='bbox 230 1793 398 1845; x_wconf 82' lang='lat' dir='ltr'>scriptis.</span> 
     </span>
    </p>

    <p class='ocr_par' dir='ltr' id='par_1_8' title="bbox 231 1855 1286 1972">
     <span class='ocr_line' id='line_1_25' title="bbox 282 1855 1286 1904; baseline 0 -9"><span class='ocrx_word' id='word_1_174' title='bbox 282 1857 353 1895; x_wconf 89' lang='lat' dir='ltr'>IV.</span> <span class='ocrx_word' id='word_1_175' title='bbox 381 1860 418 1896; x_wconf 79' lang='lat'>2.</span> <span class='ocrx_word' id='word_1_176' title='bbox 474 1856 537 1894; x_wconf 87' lang='lat' dir='ltr'>Ex</span> <span class='ocrx_word' id='word_1_177' title='bbox 555 1855 789 1894; x_wconf 82' lang='lat' dir='ltr'>membranis</span> <span class='ocrx_word' id='word_1_178' title='bbox 820 1855 918 1894; x_wconf 84' lang='lat' dir='ltr'>aliae</span> <span class='ocrx_word' id='word_1_179' title='bbox 947 1855 1098 1894; x_wconf 69' lang='grc' dir='ltr'><strong><em>υἰησιιπί</em></strong></span> <span class='ocrx_word' id='word_1_180' title='bbox 1124 1855 1286 1904; x_wconf 83' lang='lat' dir='ltr'>habent,</span> 
     </span>
     <span class='ocr_line' id='line_1_26' title="bbox 231 1920 997 1972; baseline -0.004 -11"><span class='ocrx_word' id='word_1_181' title='bbox 231 1923 329 1961; x_wconf 85' lang='lat' dir='ltr'>aliae</span> <span class='ocrx_word' id='word_1_182' title='bbox 346 1922 505 1968; x_wconf 79' lang='lat' dir='ltr'>vincent,</span> <span class='ocrx_word' id='word_1_183' title='bbox 533 1921 629 1960; x_wconf 87' lang='lat' dir='ltr'>aliae</span> <span class='ocrx_word' id='word_1_184' title='bbox 648 1921 817 1972; x_wconf 89' lang='lat' dir='ltr'>denique</span> <span class='ocrx_word' id='word_1_185' title='bbox 836 1920 997 1958; x_wconf 80' lang='lat' dir='ltr'>vincant.</span> 
     </span>
    </p>

    <p class='ocr_par' dir='ltr' id='par_1_9' title="bbox 230 1983 1285 2104">
     <span class='ocr_line' id='line_1_27' title="bbox 280 1983 1285 2038; baseline 0.002 -13"><span class='ocrx_word' id='word_1_186' title='bbox 280 1990 319 2026; x_wconf 88' lang='lat'>6.</span> <span class='ocrx_word' id='word_1_187' title='bbox 372 1986 451 2025; x_wconf 86' lang='lat' dir='ltr'>Pro</span> <span class='ocrx_word' id='word_1_188' title='bbox 471 1986 571 2038; x_wconf 85' lang='lat' dir='ltr'><em>quod</em></span> <span class='ocrx_word' id='word_1_189' title='bbox 599 1985 646 2032; x_wconf 82' lang='lat' dir='ltr'>si,</span> <span class='ocrx_word' id='word_1_190' title='bbox 679 1985 768 2024; x_wconf 88' lang='lat' dir='ltr'>edd.</span> <span class='ocrx_word' id='word_1_191' title='bbox 798 1984 931 2023; x_wconf 75' lang='lat' dir='ltr'>Zaroti</span> <span class='ocrx_word' id='word_1_192' title='bbox 959 1991 1001 2022; x_wconf 85' lang='lat' dir='ltr'>et</span> <span class='ocrx_word' id='word_1_193' title='bbox 1029 1983 1140 2023; x_wconf 86' lang='lat' dir='ltr'>Med.</span> <span class='ocrx_word' id='word_1_194' title='bbox 1170 1985 1285 2032; x_wconf 71' lang='lat'>1477.</span> 
     </span>
     <span class='ocr_line' id='line_1_28' title="bbox 230 2050 403 2104; baseline -0.012 -14"><span class='ocrx_word' id='word_1_195' title='bbox 230 2065 339 2104; x_wconf 82' lang='lat' dir='ltr'><em>quam</em></span> <span class='ocrx_word' id='word_1_196' title='bbox 356 2050 403 2089; x_wconf 80' lang='lat' dir='ltr'>si.</span> 
     </span>
    </p>

    <p class='ocr_par' dir='ltr' id='par_1_10' title="bbox 230 2113 1284 2230">
     <span class='ocr_line' id='line_1_29' title="bbox 284 2113 1284 2167; baseline -0.003 -13"><span class='ocrx_word' id='word_1_197' title='bbox 284 2119 344 2155; x_wconf 72' lang='lat'>102</span> <span class='ocrx_word' id='word_1_198' title='bbox 401 2115 520 2154; x_wconf 81' lang='lat' dir='ltr'><em>Simul</em></span> <span class='ocrx_word' id='word_1_199' title='bbox 532 2129 581 2153; x_wconf 85' lang='lat' dir='ltr'>an</span> <span class='ocrx_word' id='word_1_200' title='bbox 597 2116 801 2161; x_wconf 81' lang='lat' dir='ltr'>Romanus,</span> <span class='ocrx_word' id='word_1_201' title='bbox 820 2128 869 2152; x_wconf 82' lang='lat' dir='ltr'>an</span> <span class='ocrx_word' id='word_1_202' title='bbox 883 2113 1024 2167; x_wconf 52' lang='lat' dir='ltr'>hospes.</span> <span class='ocrx_word' id='word_1_203' title='bbox 1064 2113 1127 2152; x_wconf 81' lang='lat' dir='ltr'>Ita</span> <span class='ocrx_word' id='word_1_204' title='bbox 1142 2113 1260 2166; x_wconf 83' lang='lat' dir='ltr'><strong>vulgo</strong></span> <span class='ocrx_word' id='word_1_205' title='bbox 1272 2127 1284 2151; x_wconf 89' lang='lat'>:</span> 
     </span>
     <span class='ocr_line' id='line_1_30' title="bbox 230 2178 1283 2230; baseline -0.003 -11"><span class='ocrx_word' id='word_1_206' title='bbox 230 2187 271 2219; x_wconf 78' lang='lat' dir='ltr'>at</span> <span class='ocrx_word' id='word_1_207' title='bbox 288 2180 379 2220; x_wconf 83' lang='lat' dir='ltr'>edd.</span> <span class='ocrx_word' id='word_1_208' title='bbox 395 2187 491 2219; x_wconf 72' lang='lat' dir='ltr'><strong>vett·</strong></span> <span class='ocrx_word' id='word_1_209' title='bbox 509 2187 600 2219; x_wconf 84' lang='lat' dir='ltr'>ante</span> <span class='ocrx_word' id='word_1_210' title='bbox 615 2180 763 2219; x_wconf 86' lang='lat' dir='ltr'>Aldum</span> <span class='ocrx_word' id='word_1_211' title='bbox 776 2178 934 2219; x_wconf 75' lang='lat' dir='ltr'>simulet</span> <span class='ocrx_word' id='word_1_212' title='bbox 946 2178 1149 2227; x_wconf 85' lang='lat' dir='ltr'>exhibent,</span> <span class='ocrx_word' id='word_1_213' title='bbox 1168 2189 1283 2230; x_wconf 80' lang='lat' dir='ltr'>quam</span> 
     </span>
    </p>
   </div>
  </div>
 </body>
</html>
