1378 2534
114 247 152 272 v.
170 233 257 272 158.
438 229 548 269 ARS
598 227 855 268 POETICA.
1089 229 1159 268 151

117 342 302 381 Reddere
318 340 387 393 qni
401 353 519 380 voces
530 341 612 391 jam
628 339 703 377 scit
719 351 830 390 puer,
855 346 894 376 et
912 339 1012 390 pede
1030 348 1139 378 certo

117 407 257 458 Signat
272 406 447 452 humum,
463 405 582 456 gestit
594 404 751 455 paribus
764 403 976 452 colludere,
993 412 1034 443 et
1052 405 1147 443 iram

116 470 277 523 Colligit
292 482 339 508 ac
354 470 467 521 ponit
482 476 644 514 temere,
662 476 702 506 et
719 476 891 506 mutatur
906 469 946 506 in
964 469 1091 507 horas.

114 533 317 574 Imberbus
329 534 498 585 juvenis,
515 532 673 571 tandem
691 533 854 571 custode
870 541 1035 580 remoto,

115 598 275 638 Gaudet
290 598 400 651 equis
412 589 664 649 canibusque,
682 604 723 635 et
739 597 860 648 aprici
876 598 1051 648 gramine
1061 610 1165 637 cam·

116 663 266 703 Cereus
282 663 323 701 in
339 662 476 701 vitium
493 662 615 708 flecti,
632 662 886 700 monitoribus
903 674 1030 714 asper,
1081 663 1167 714 [pi;

116 727 282 767 Utilium
298 727 432 766 tardus
448 727 634 779 provisor,
652 726 837 778 prodigus
854 726 969 773 aeris,

117 791 314 838 Sublimis,
326 791 581 843 cupidusque,
593 799 634 830 et
644 799 771 830 amata
783 791 1002 842 relinquere
1012 790 1165 842 pernix.

115 849 321 897 Conversis
335 856 487 904 studiis,
503 864 609 895 aetas
626 856 853 908 animusque
868 855 988 894 vlrilis

116 921 281 965 Quaerit
296 934 390 973 opes
407 928 449 959 et
466 920 667 967 amicitias,
685 920 842 958 inservit
858 921 1020 964 honori:

117 986 364 1026 commisisse
382 993 508 1031 mvet,
525 984 630 1036 quod
647 997 740 1022 mox
755 993 908 1023 mutare
924 986 1088 1024 laboret.

116 1051 247 1089 Multa
272 1063 407 1088 senem
435 1049 743 1088 circumveniant
772 1049 1036 1096 incommods;
1078 1053 1140 1090 vel

319 1113 426 1166 quod

117 1178 294 1226 Quaerit,
310 1185 353 1216 et
369 1177 535 1215 inventis
551 1176 669 1214 miser
684 1176 866 1223 abstinet,
892 1190 940 1215 ac
958 1177 1069 1216 timet
1092 1178 1164 1225 uti,

115 1242 191 1281 Vel
208 1241 315 1295 quod
330 1254 393 1280 res
410 1253 544 1280 omnes
557 1240 692 1278 timide
704 1240 912 1292 gelideque
930 1241 1122 1279 ministrat
1137 1257 1148 1285 ;

115 1307 284 1354 Dilator,
301 1318 371 1358 spe
388 1304 541 1357 longus,
558 1305 676 1351 iners,
701 1305 912 1356 avidusque
928 1305 1066 1352 futuri,

115 1371 308 1418 Difficilis,
323 1370 522 1422 querulu8‚
539 1369 717 1408 laudator
733 1370 918 1421 temporis
934 1370 1013 1408 acti

117 1436 171 1476 Se
187 1449 324 1490 puero,
339 1436 488 1475 Censor
505 1435 791 1487 castigatorque
808 1436 1014 1474 minorum.

116 1500 248 1540 Multa
261 1500 394 1539 ferunt
409 1499 502 1538 anni
517 1499 720 1537 venientes
738 1501 940 1538 commoda
956 1513 1103 1548 secum,

115 1565 248 1604 Multa
262 1564 491 1603 recedentes
503 1563 690 1601 adimunt.
716 1563 779 1602 Ne
794 1564 896 1602 forte
914 1565 1056 1604 seniles

117 1628 358 1667 Mandentur
370 1629 505 1678 juveni
521 1635 666 1679 partes,
683 1641 882 1679 pueroque
898 1628 1054 1674 viriles;

118 1691 282 1744 Semper
299 1692 339 1729 in
356 1691 551 1742 adjunctis
567 1704 741 1743 aevoque
758 1693 995 1732 morabimur
1015 1695 1126 1746 aptis.

117 1757 204 1795 Aut
220 1755 350 1807 agitur
366 1768 428 1794 res
445 1756 486 1794 in
503 1756 644 1803 scenis,
661 1765 731 1795 aut
747 1764 837 1795 acta
854 1757 1035 1796 refertur.

117 1819 283 1875 Segnius
301 1820 454 1858 irritant
470 1820 620 1859 animos
636 1821 802 1859 demissa
818 1834 889 1873 per
905 1834 1054 1870 aurem,

116 1885 244 1927 Quam
258 1896 357 1936 quae
371 1893 461 1923 sunt
473 1885 597 1923 oculis
606 1885 783 1935 subjecta
798 1885 990 1933 fidelibus,
1008 1895 1050 1926 et
1067 1901 1169 1940 quse

115 1948 207 2000 Ipse
223 1948 298 1986 sibi
315 1949 433 1987 tradit
450 1957 659 2000 spectator.
686 1948 777 1988 Non
794 1957 925 1988 tamen
942 1951 1047 1990 intus

115 2011 250 2064 Digna
263 2014 351 2063 geri
365 2026 521 2065 promes
538 2013 578 2051 in
595 2027 774 2052 scenam:
801 2015 1000 2068 multaque
1018 2016 1133 2056 tolles

118 2075 182 2113 Ex
200 2076 335 2124 oculis,
354 2090 454 2128 quae
471 2091 564 2116 mox
583 2085 714 2116 narret
730 2078 913 2117 facundia
928 2093 1123 2131 praesens.

119 2139 182 2178 Ne
197 2153 340 2192 pueros
358 2154 488 2181 coram
505 2142 651 2195 populo
668 2142 815 2182 Medea
831 2143 1002 2183 trucidet
1011 2160 1027 2189 ς
