1378 2534
96 288 133 314 v.
149 276 214 314 26.
361 270 680 312 SERMONUM
731 270 785 308 11.
838 270 915 309 viii.
1101 274 1153 313 79

96 363 234 422 Indice
251 389 483 422 monstraret
500 382 646 433 digito:
675 393 764 419 nam
784 388 916 419 cetera
933 381 1060 428 turba,

96 448 193 496 Nos,
211 448 382 500 inquam,
400 459 608 486 coenamus
626 458 729 492 aves,
757 445 976 497 conchylia,
1003 446 1142 498 pisces,

94 512 232 564 Longe
250 511 473 550 dissimilem
491 518 585 549 noto
604 510 770 550 celantia
787 523 971 555 succum;

95 576 153 616 Ut
169 577 231 615 vel
249 577 435 616 continuo
452 575 592 627 patuit,
620 587 710 613 cum
727 575 892 626 passeris
909 583 1025 628 atque

93 641 296 694 Ingustata
313 641 407 679 mihi
425 640 646 692 porrexerit
664 639 729 677 ilia
746 639 909 678 rhombi.

94 706 190 746 Post
207 707 282 745 hoc
300 719 363 744 me
379 705 528 752 docuit,
547 704 741 742 melimela
758 705 898 743 rubere
915 705 1103 744 minorem

94 771 163 809 Ad
180 771 310 809 lunam
324 771 492 809 delecta.
521 768 625 812 Quid
643 769 718 807 hoc
737 769 902 816 intersit,
921 770 969 807 ab
988 770 1072 821 ipso

93 836 278 874 Audieris
293 835 443 873 melius.
472 834 572 872 Tum
590 833 768 871 Vibidius
787 833 1007 872 Balatroni:

93 899 176 938 Nos
202 900 275 938 nisi
292 900 475 938 damnose
492 898 674 945 bibimus,
701 898 908 936 moriemur
925 898 1064 936 inulti:

91 963 146 1002 Et
163 964 303 1003 calices
319 964 446 1016 poscit
462 965 640 1014 majores.
666 963 829 1000 Vertere
846 963 971 1013 pallor

92 1028 194 1066 Tum
211 1020 371 1079 parochi
389 1028 543 1074 faciem,
563 1027 618 1065 nil
635 1028 691 1066 sic
708 1027 931 1073 metuentis,
951 1035 994 1065 ut
1012 1041 1120 1067 acres

91 1091 276 1137 Potores3
302 1092 364 1130 vel
382 1092 487 1143 quod
504 1090 742 1129 maledicunt
758 1090 932 1138 liberius,
957 1092 1020 1129 vel

90 1155 256 1194 Fervida
273 1156 378 1208 quod
396 1156 536 1196 subtile
554 1154 767 1193 exsurdant
785 1154 874 1192 vina
890 1155 1076 1206 palatum.

89 1220 295 1258 Invertunt
313 1220 493 1259 Allifanis
509 1220 655 1258 vinaria
673 1227 757 1258 tota

89 1285 265 1324 Vibidius
283 1285 532 1337 Balatroque,
559 1285 703 1323 secutis
722 1284 924 1322 omnibus:
951 1284 1018 1322 imi

88 1349 283 1389 Convivae
301 1349 394 1387 lecti
411 1348 573 1387 nihilum
591 1361 761 1387 nocuere
779 1349 941 1399 lagenis.

87 1415 262 1453 Affertur
278 1414 435 1466 squillas
455 1413 556 1452 inter
574 1425 760 1451 muraena
778 1420 956 1451 natantes

85 1480 132 1518 In
146 1480 278 1531 patina
286 1485 477 1530 porrecta.
508 1477 588 1514 Sub
600 1477 676 1516 hoc
689 1477 820 1524 herus,
836 1477 950 1516 Haec
962 1479 1134 1532 gravida,

289 1542 429 1593 inquit,

87 1608 213 1659 Capta
229 1614 302 1653 est,
329 1604 499 1643 deterior
516 1610 605 1656 post
621 1612 776 1656 partum
795 1618 911 1644 carne
928 1606 1071 1646 futura.

85 1671 162 1710 His
178 1671 344 1708 mixtum
357 1671 422 1720 jus
439 1676 499 1707 est
517 1669 619 1716 oleo,
639 1670 743 1720 quod
761 1670 886 1720 prima
904 1670 1063 1709 Venafri

84 1736 231 1775 Pressit
250 1733 370 1778 cella;
395 1745 490 1784 garo
508 1732 556 1770 de
576 1733 701 1771 succis
718 1733 835 1784 piscis
852 1733 980 1779 Ib·eri;

84 1785 187 1838 Vibo
205 1797 459 1850 quinquenni,
485 1809 619 1845 yerum
639 1797 736 1835 citra
752 1797 858 1835 mare
872 1805 979 1845 nato,
1030 1820 1031 1823 =

82 1864 190 1902 Dum
202 1863 398 1914 coquitur;
415 1861 551 1913 (cocto
566 1861 707 1900 Chium
722 1862 777 1901 sic
791 1863 986 1910 convenit,
999 1871 1043 1901 ut
1053 1854 1132 1903 non

83 1929 174 1967 Hoc
193 1927 314 1979 magis
331 1927 451 1965 ullum
469 1926 594 1979 aliud)
616 1927 750 1978 pipere
769 1927 873 1975 albo,
895 1941 973 1966 non
991 1929 1072 1967 sine
1091 1943 1130 1968 a·
1166 1958 1169 1960 -

287 1993 388 2039 ceto,

81 2056 198 2099 Quod
216 2055 532 2108 Methymnaeam
548 2056 644 2095 vitio
660 2057 867 2095 mutaverit
884 2071 1008 2097 uvam.

83 2119 230 2158 Erucas
247 2120 402 2167 virides,
431 2121 553 2159 inulas
571 2134 645 2172 ego
663 2122 809 2173 primus
827 2135 975 2161 amaras

82 2182 297 2224 Monstravi
315 2184 537 2243 incoquere,
563 2186 690 2226 illotos
710 2187 896 2227 Curtillus
914 2188 1086 2235 echium,
