1378 2534
544 266 813 307 NOTULAE
1132 271 1208 310 199

420 356 466 384 m
494 357 578 384 Lm.
607 357 655 384 11.
684 357 935 384 semmam«.

185 444 254 482 VI.
271 445 358 484 109.
372 442 449 481 Pro
453 441 727 495 praelambens,
739 441 941 481 Bentleius
952 442 1152 494 eleganter
1164 457 1204 483 e-

149 508 247 547 didit
258 507 474 561 praelibans
493 520 543 545 ex
562 506 699 545 codice
721 506 860 557 Regio,
883 514 926 545 et
943 507 1066 546 altero
1084 506 1200 558 Mag-

148 572 360 619 dalenensi,
395 572 444 610 ab
476 571 629 618 eodem,
670 577 715 608 ut
745 570 798 608 illi
833 571 1001 618 videtur,
1045 570 1202 610 librario

147 637 305 689 scripto.

196 700 289 739 VlI.
320 703 355 739 1.
408 700 575 739 Pulchre
589 699 750 750 conjicit
765 699 967 738 Bentleius
980 712 1198 738 sermonem

145 764 251 805 hunc
269 766 319 804 ad
336 765 574 816 superiorem
593 763 730 801 referri
758 763 916 810 debere,
943 772 1012 802 aut
1035 765 1200 804 fortasse

146 842 224 868 una
241 842 330 868 cum
349 842 396 868 eo
416 828 610 867 connecti.
663 832 691 851 “
717 827 916 880 Quicquid
946 828 1051 866 enim
1071 828 1123 866 ibi
1147 828 1198 867 de

146 897 174 918 “
199 906 242 932 se
260 894 413 932 dixerat
434 892 632 939 Horatius,
652 891 748 930 illud
766 905 882 930 omne
901 893 966 931 hic
985 893 1120 932 Davus
1139 906 1200 931 re·
1243 883 1247 888 ¹

146 962 174 983 ‘⁸
199 957 297 996 fellit
312 971 334 1009 :-
349 957 448 996 adeo
476 964 520 994 ut
552 963 716 1008 uterque
749 969 877 996 sermo
908 958 1054 1009 dialogi
1084 958 1200 1009 plane

146 1020 174 1049 *ὅ
199 1022 371 1074 speciem
388 1021 586 1060 exhibeat.
653 1022 788 1073 Atque
821 1022 928 1069 inde,
957 1022 1108 1074 opinor,
1140 1030 1201 1060 est

146 1093 174 1112 “
200 1086 306 1139 quod
322 1087 362 1125 in
378 1086 533 1138 optimis
553 1085 767 1123 Blandiniis
784 1094 826 1125 et
846 1087 1070 1126 Buslidiano
1089 1088 1194 1140 apud

147 1156 174 1176 “
202 1151 430 1203 Cruquium,
450 1150 508 1188 uti
525 1157 566 1188 et
584 1150 622 1187 in
641 1151 796 1196 nostris,
818 1131 1014 1189 Petrens?
1015 1159 1056 1190 et
1076 1152 1197 1203 Regi-

146 1221 174 1240 “
200 1227 247 1254 ae
280 1214 499 1260 Societatis,
538 1215 637 1252 haec
669 1227 694 1252 a
733 1214 997 1266 superioribus
1036 1214 1200 1255 indivisa

145 1283 172 1304 ‘⁴
199 1279 290 1327 sint,
301 1286 342 1318 et
353 1291 467 1317 unam
480 1279 635 1317 satiram
649 1279 934 1326 constituant,”
945 1283 1018 1318 &c.
1037 1279 1198 1318 Bam-L.

140 1342 343 1382 Gesnems
360 1350 498 1381 contra
524 1349 636 1394 putat
664 1342 730 1380 hic
758 1343 954 1380 servulum
986 1343 1197 1393 introduci,

143 1407 210 1460 qui
229 1408 347 1454 dicat,
375 1409 511 1458 sejam
535 1406 603 1445 diu
632 1406 790 1444 auribus
817 1413 990 1458 captare,
1020 1414 1061 1446 et
1093 1409 1198 1447 velut

140 1471 289 1519 venari,
325 1470 654 1523 opportunitatem
695 1470 892 1522 loquendi.
965 1471 1197 1511 Jamdadum

145 1535 323 1584 ausculto,
348 1539 420 1574 ὅτε.

198 1595 259 1639 Ϊ3.
311 1601 456 1638 Doctus
487 1599 579 1637 edd.
597 1606 692 1637 vett.
711 1606 751 1637 at
767 1599 833 1637 alii
851 1612 903 1638 ex
922 1601 1037 1638 codd.
1055 1602 1195 1649 doctus,

145 1670 185 1703 et
202 1663 366 1702 totidem
383 1664 465 1702 fere
482 1664 624 1701 doctor.

198 1730 259 1767 15.
315 1727 521 1782 Gheragra.
574 1727 636 1766 Ita
654 1728 741 1766 cod.
765 1727 933 1779 optimus
963 1728 1196 1779 Reginensis

141 1791 329 1839 Bentleii,
355 1799 397 1831 et
416 1793 471 1830 ita
487 1791 631 1843 ubique
661 1792 921 1839 scribendum,
950 1792 1101 1844 quoties
1118 1794 1196 1844 pri-

143 1869 246 1895 mam
263 1857 449 1908 syllabam
466 1857 651 1908 corripit;
682 1856 808 1895 forma
835 1857 984 1896 scilicet
1014 1858 1194 1905 Aeolica,

143 1922 248 1960 unde
267 1921 455 1972 originem
484 1934 591 1959 suam
611 1921 725 1959 duxit
743 1920 898 1973 Lingua
914 1921 1077 1960 Latina:
1105 1936 1194 1961 nam

143 1984 333 2038 chiragra,
360 1986 409 2024 ab
430 1987 565 2025 Attico
596 2003 778 2040 χειςαγςι,
796 1987 958 2038 primam
976 1987 1194 2038 producere

143 2049 271 2087 debet.
981 2066 983 2068 ¹

196 2115 258 2151 34.
313 2113 389 2152 Pro
386 2115 510 2166 firet,
530 2114 643 2152 codd.
657 2127 726 2152 sex
738 2115 842 2166 apud
856 2114 1164 2169 Bentleiumfirt
1175 2134 1192 2157 .-

145 2183 185 2214 et
203 2175 256 2214 ita
272 2177 390 2216 etiam
407 2178 566 2217 dimidia
582 2178 664 2218 fex-e
683 2179 844 2219 aliorum
861 2193 962 2232 pars.
