1378 2534
187 241 256 278 ‘56
433 237 762 301 SERMONUM'
806 237 860 276 Π.
912 239 966 276 iii.
1115 252 1154 278 v.
1174 239 1263 281 176.-

207 350 350 395 Quare,
368 361 437 400 per
455 348 563 386 divos
582 355 711 386 oratus
729 354 893 399 uterque
909 347 1090 395 Penates,

206 414 268 453 Tu
288 427 393 460 cave,
413 427 461 452 ne
479 413 650 457 minuas;
677 420 733 459 tu,
752 425 802 451 ne
818 415 942 464 maJus
957 412 1075 453 facias
1092 413 1146 460 id,

205 479 323 522 Quod
341 479 430 516 satis
449 491 531 516 esse
549 485 660 530 putat
677 484 799 528 pater,
817 485 858 516 et
874 485 1012 516 natura
1028 478 1196 531 coercet.

206 544 425 589 Praeterea,
443 556 493 580 ne
510 555 578 581 vos
597 541 725 580 titillet
743 542 877 592 gloria,
899 544 1005 593 jure-

205 609 231 647 J
234 609 379 647 urando
399 608 633 658 obstringam
652 607 764 644 ambo
779 620 790 644 τ
808 614 894 645 uter
911 607 1043 646 aedilis
1059 607 1227 647 fueritve

206 673 387 711 Vestrum
406 680 573 724 praetor,
591 671 621 709 is
640 671 864 710 intestabilis
882 678 922 710 et
939 683 1047 710 sacer
1063 679 1160 710 esto.

205 738 253 775 In
273 738 398 775 cicere
417 745 530 788 atque
547 736 637 774 faba
653 737 756 774 bona
772 744 815 774 tu
833 735 1047 788 perdasque
1070 735 1224 788 lupinis,
1350 788 1357 791 N

205 804 327 841 Latus
346 810 388 840 ut
406 802 444 839 in
465 802 580 839 Circo
599 800 776 852 spatiere,
796 807 835 838 et
853 802 997 838 a'e’neus
1013 808 1057 838 ut
1074 808 1178 845 stes:
1266 798 1269 803 ⁴
1287 785 1356 829 Τ

207 867 345 905 Nudus
363 867 479 917 agris,
498 866 622 904 nudus
641 865 818 911 nummis,
838 865 982 911 insane,
1000 866 1168 916 paternis
1183 867 1197 905 ἓ

207 931 365 971 Scilicet
382 939 425 970 ut
442 931 609 983 plausus,
628 943 724 982 quos
742 929 818 968 fert
836 930 1028 982 Agrippa,
1043 929 1144 968 feras
1161 938 1220 979 tu,

206 996 350 1034 Astuta
367 995 575 1046 ingenuum
593 994 724 1045 vulpes
743 993 889 1032 imitata
903 993 1077 1032 leonem!
1095 1017 1101 1024 ·

206 1060 269 1098 Ne
288 1059 371 1111 quis
389 1060 564 1097 humasse
582 1058 673 1096 velit
692 1059 869 1108 Ajacem,
882 1057 1037 1105 Atrida,
1048 1065 1155 1097 vetas
1166 1059 1262 1099 cur?

207 1124 296 1162 Rex
315 1137 410 1162 sum.
439 1123 505 1161 Nil
524 1124 623 1161 ultra
641 1118 785 1175 q'uaero
803 1122 989 1174 plebeius.
1007 1122 1061 1161 Et
1077 1135 1240 1175 aequam

206 1188 307 1226 Rem
322 1188 520 1240 imperito:
547 1196 601 1234 at,
623 1188 655 1225 si
674 1187 735 1226 cui
754 1187 887 1226 videor
899 1200 978 1226 non
990 1189 1132 1238 justus,
1142 1187 1268 1228 inulte

206 1254 365 1299 Dicere,
385 1265 482 1303 quae
497 1252 626 1297 sentit,
645 1251 838 1302 permitto.
865 1251 1041 1290 Maxime
1059 1251 1229 1304 Regum,

207 1318 261 1356 Di
279 1317 349 1356 tibi
367 1318 461 1355 dent
479 1325 592 1368 capta
609 1313 768 1354 classem
785 1315 972 1354 reducere
990 1315 1130 1366 Troja3

207 1383 313 1434 Ergo
332 1382 546 1427 consulere,
565 1388 606 1419 et
623 1393 715 1418 mox
733 1380 979 1431 respondere,
997 1380 1156 1420 licebit?

204 1447 387 1485 Consule.
416 1446 496 1484 Cur
514 1446 633 1496 AJax,
652 1445 766 1483 heros
784 1445 832 1482 ab
852 1444 1007 1482 Achille
1029 1446 1239 1494 secundus,

206 1511 393 1556 Putescit,
411 1510 526 1549 toties
542 1508 700 1548 servatis
718 1508 843 1547 clarus
862 1509 1038 1556 Achivis,

206 1576 388 1615 Gaudeat
399 1583 441 1614 ut
455 1574 618 1627 populus
627 1573 780 1619 Priami,
789 1572 1041 1626 Priamusque
1054 1574 1270 1632 inhumato,

206 1642 284 1680 Per
302 1654 418 1692 quem
436 1647 495 1678 tot
503 1641 670 1696 ’juvenes
687 1637 814 1690 patrio
833 1651 992 1678 caruere
1008 1641 1215 1692 sepulcro?

206 1705 318 1744 Mille
338 1704 465 1743 ovium
478 1704 630 1741 insanus
644 1702 758 1741 morti
773 1703 893 1750 dedit,
910 1703 1098 1756 inclytum
1110 1705 1269 1745 Ulixem

211 1769 264 1807 Et
285 1769 508 1806 Menelaum
528 1780 605 1805 una
622 1780 773 1805 mecum
791 1780 833 1805 se
852 1767 1032 1806 occidere
1050 1768 1230 1808 clamans.

209 1833 284 1878 Tu,
305 1845 392 1870 cum
411 1846 480 1883 pro
496 1831 619 1870 'vitula
636 1832 771 1870 statuis
789 1832 943 1870 dulcem
962 1831 1107 1870 Aulide
1130 1841 1260 1872 natam

209 1899 316 1935 Ante
334 1910 432 1942 araS,
452 1897 674 1948 spargisque
688 1896 790 1934 mola
803 1903 933 1948 caput,
951 1896 1139 1948 improbe,
1157 1898 1269 1946 salsa,

209 1963 375 2000 Rectum
388 1961 502 1999 animi
514 1962 657 1999 servas?
672 1960 881 2003 Quorsum?
894 1961 1055 1999 Insanus
1062 1962 1154 2013 quid
1165 1963 1269 2002 enim

208 2025 333 2065 Fecit?
351 2039 438 2064 cum
453 2026 584 2062 stravit
597 2025 698 2063 ferro
711 2025 1121 2076 pecus,abstinuitvim
1139 2028 1270 2078 [Ajax

210 2091 345 2129 Uxore
364 2097 403 2128 et
421 2097 539 2140 gnato
555 2103 565 2127 z
593 2090 692 2128 mala
707 2090 828 2128 multa
844 2097 1025 2142 precatus
1042 2091 1206 2138 Atridis,

210 2155 301 2194 Non
321 2154 382 2192 ille
400 2162 467 2193 aut
482 2153 679 2193 Teucrum
689 2162 756 2192 aut
773 2154 896 2206 ipsum
913 2154 1069 2196 viulavit
1083 2155 1254 2195 Ulixem.
