1378 2534
197 256 249 294 42
448 255 771 296 SERMONUM
823 258 877 297 ΙΙ.
931 259 957 298 i.
1139 273 1177 299 v.
1194 262 1258 302 17.

204 364 423 418 Scipiadam
444 375 488 406 ut
506 368 659 419 sapiens
677 367 864 408 Lucilius.
881 369 1001 408 Haud
1013 369 1107 408 mihi
1126 370 1260 418 deero,

203 429 303 469 Cum
322 445 383 470 res
403 433 486 484 ipsa
502 432 625 470 feret:
654 432 727 470 nisi
746 432 888 472 dextro
905 441 1096 486 tempore,
1115 434 1248 474 Flacci

203 493 333 534 Verba
351 511 422 549 per
435 505 623 536 attentam
643 510 721 536 non
740 497 852 536 ibunt
870 498 1047 538 Caesaris
1065 512 1225 544 aurem3

201 560 276 601 Cui
296 562 446 600 male-si
464 562 638 614 palpere,
666 562 889 603 recalcitrat
907 564 1078 616 undique
1097 571 1219 603 tutus.

199 626 357 668 Quanto
375 627 520 666 rectius
539 627 629 675 hoc,
657 640 771 680 quam
791 628 890 668 tristi
915 629 1072 668 laedere
1089 641 1205 667 versu

201 690 459 731 Pantolabum
474 705 662 740 scurram,
679 693 1047 746 Nomentanumque
1058 700 1257 746 nepotem,

200 756 300 794 Cum
319 756 392 795 sibi
411 757 575 809 quisque
594 758 719 805 timet,
739 771 973 814 quamquam
990 767 1050 798 est
1073 759 1256 807 intactus,

405 829 446 860 et
465 823 547 861 odit
562 823 576 861 ἓ

196 887 302 929 Quid
320 887 460 926 faciam
476 887 490 925 ἓ
514 887 638 925 Saltat
657 886 861 936 Milonius,
890 895 935 926 ut
953 889 1074 927 semel
1094 889 1174 927 icto

198 953 382 991 Accessit
399 952 528 990 fervor
547 951 679 1003 capiti,
702 942 971 1005 'numerusque
989 954 1184 993 lucernis:

198 1018 338 1056 Castor
356 1017 515 1056 Gaudet
534 1018 667 1069 equis;
695 1030 769 1056 ovo
787 1025 1002 1069 prognatus
1015 1019 1155 1058 eodem

196 1082 368 1134 Pugnis:
389 1091 484 1135 quot
502 1083 673 1134 capitum
691 1082 841 1129 vivunt,
861 1083 1024 1122 totidem
1037 1083 1254 1125 studiorum

194 1148 336 1187 Millia.
365 1148 436 1187 Me
454 1149 618 1200 pedibus
637 1148 809 1187 delectat
828 1148 1013 1188 claudere
1031 1149 1151 1188 verba

195 1214 326 1253 Lucili
345 1214 436 1260 ritu,
465 1222 639 1252 nostrum
658 1214 828 1252 melioris
849 1221 1029 1265 utroque.

194 1280 268 1318 Ille
286 1280 394 1318 velut
412 1279 499 1317 fidis
517 1292 659 1318 arcana
677 1279 873 1320 sodalibus
891 1278 984 1318 olim

195 1345 393 1385 Credebat
410 1344 541 1390 libris3
559 1358 702 1396 neque,
721 1344 866 1383 simale
880 1349 1068 1396 gesserat,
1088 1356 1250 1400 usquam

194 1411 430 1449 Decurrens*
441 1408 530 1457 alio,
544 1423 686 1461 neque,
705 1410 874 1456 sibene:
894 1422 972 1461 quo
989 1409 1048 1456 fit,
1063 1416 1108 1449 ut
1126 1409 1251 1449 omnis

193 1475 337 1513 Votiva
355 1481 488 1526 pateat
506 1474 627 1512 veluti
646 1474 843 1526 descripta
861 1474 1006 1515 tabella

192 1540 287 1580 Vita
304 1538 419 1581 senis.
450 1538 601 1591 Sequor
618 1539 738 1587 hunc,
757 1539 943 1578 Lucanus
959 1552 1010 1579 an
1030 1538 1226 1591 Appulus,

400 1616 568 1655 ancepsx

192 1670 296 1708 Nam
308 1668 532 1707 Venusinus
543 1677 626 1708 arat
638 1670 755 1708 finem
766 1670 838 1714 sub
851 1676 1059 1724 utrumque
1072 1669 1252 1714 colonum

191 1733 339 1773 Missus
354 1734 404 1772 ad
418 1734 508 1785 hoc²
527 1734 661 1786 pulsis,
673 1742 786 1773 vetus
800 1741 859 1773 est
878 1742 922 1774 ut
938 1734 1055 1782 fama,
1072 1734 1250 1781 Sabellis,

192 1801 281 1842 Quo
301 1812 350 1837 ne
369 1811 441 1849 per
457 1811 624 1837 vacuum
640 1799 820 1838 Romano
838 1798 1055 1839 incurreret
1072 1797 1209 1845 hostis,

193 1864 283 1902 Sive
299 1863 405 1914 quod
418 1863 578 1915 Appula
588 1876 699 1915 gens,
714 1877 784 1903 seu
797 1863 902 1915 quod
914 1862 1090 1903 Lucania
1102 1863 1248 1906 bellum

191 1929 396 1968 Incuteret
407 1928 589 1967 violenta.
606 1928 685 1979 Sed
696 1929 761 1967 hic
779 1929 889 1969 stilus
906 1929 1012 1969 haud
1022 1935 1132 1980 petet
1146 1929 1250 1969 ultro

191 1996 438 2045 Quemquam
450 1993 700 2041 animantem,
713 2001 753 2032 et
765 2007 828 2033 me
839 1994 959 2033 veluti
974 1993 1170 2034 custodiet
1181 2007 1249 2034 en*-

192 2059 344 2110 Vagina
355 2065 510 2104 tectu33
528 2072 644 2111 quem
664 2073 734 2098 cur
752 2060 996 2111 destringere
1015 2072 1149 2108 coner,
1173 2059 1249 2110 [sis

191 2124 318 2163 Tutus
336 2124 384 2163 ab
404 2124 555 2163 infestis
573 2125 814 2164 latronibus?
835 2125 871 2164 Ο
890 2132 1002 2177 pater
1016 2131 1058 2163 et
1075 2113 1161 2172 reis,

186 2190 356 2243 Jupiter,
384 2197 429 2229 ut
445 2198 580 2242 pereat
598 2190 768 2243 positum
786 2189 966 2242 rubigine
985 2190 1122 2237 telum,
