1378 2534
511 280 778 321 NOTULAE
1097 284 1170 322 211

363 369 411 396 m
436 370 521 396 ms.
550 371 577 396 1.
606 369 922 397 mus-romulum,
1207 362 1210 368 '

117 465 207 492 men
223 465 338 492 nemo
355 453 438 492 fere
456 454 583 492 adhuc
595 461 748 505 praeter
762 454 1026 493 acutissimum
1045 453 1165 492 Bent-

114 517 233 557 leium
251 526 407 556 secutus
425 526 495 557 est.
551 518 669 557 Haud
687 518 768 557 scio
795 532 844 556 an
863 519 988 566 nobis,
1019 518 1068 556 de
1086 517 1163 556 loci

114 581 269 632 syntaxi
286 581 408 619 fusius
422 581 640 633 agentibus,
667 581 817 620 felicius
837 583 1008 621 cesserit.

164 644 215 683 X.
228 649 266 685 9.
285 645 362 683 Pro
373 645 476 696 vulg.
488 646 638 696 φωτί-ς,
652 646 765 684 codd.
777 646 893 697 longe
906 646 1034 698 plures
1027 646 1164 698 sertis.

167 711 228 746 18.
282 709 406 746 Codd.
423 709 539 759 longe
559 708 688 759 plures
706 709 864 762 depellat
879 725 890 748 ε
918 709 982 748 alii
1000 709 1165 748 divellat.

165 774 229 810 24.
281 772 453 825 Expelles
470 772 558 810 edd.
573 772 732 824 primae,
751 781 792 811 et
812 773 930 812 MSS.
944 775 1059 825 longe
1077 775 1162 826 plu-

113 848 200 875 res:
227 836 291 875 alii
309 836 480 888 expellas.

154 901 228 954 ῧ,
281 899 357 938 Pro
358 900 542 951 fastidia,
560 901 647 939 libri
662 901 836 954 plerique
854 902 1001 941 habent
1011 903 1072 941 vel
1069 904 1162 954 sas-

110 962 220 1015 h'gia,
238 964 299 1001 vel
317 964 483 1017 vestigia.

163 1027 228 1068 27.
280 1027 377 1066 Tres
396 1028 483 1066 edd.
501 1036 595 1067 vett.
612 1043 751 1076 sucum,
779 1037 847 1069 aut
865 1044 1020 1069 succum.

164 1093 228 1129 30.
282 1090 378 1129 Plus
394 1105 509 1143 aequo
529 1092 627 1130 Coll.
649 1093 741 1131 Sax.
786 1099 813 1117 “
832 1093 955 1132 Valde
970 1093 1063 1132 mihi
1080 1094 1161 1145 pla-

112 1159 140 1180 “
167 1162 232 1194 cet
241 1154 330 1207 plus
347 1157 504 1208 aequo.’'
533 1157 660 1195 Gsssn.
714 1158 902 1196 Attamen
928 1159 1046 1197 lectio
1076 1159 1162 1197 vul-

109 1218 226 1269 garis,
246 1218 335 1270 plus
353 1220 478 1266 nimio,
506 1221 609 1272 apud
633 1222 920 1272 probatissimos
952 1222 1159 1273 scriptores

110 1283 312 1334 reperitur.
353 1283 452 1322 Vide
466 1284 528 1322 vel
542 1284 628 1322 Liv.
642 1285 731 1324 Lib.
749 1286 782 1323 1.
802 1289 846 1325 2:
857 1286 911 1324 ΙΙ.
929 1289 992 1328 37.
1011 1287 1159 1325 XXIX.

110 1349 174 1386 33.
201 1346 387 1386 XXXIX.
405 1352 470 1387 40.

160 1411 223 1452 37.
278 1411 319 1449 Si
336 1424 425 1450 cum
445 1412 622 1452 Bentleio
637 1414 754 1453 victor
767 1415 805 1452 in
821 1415 915 1454 victo
933 1416 1156 1464 mutaveris,

109 1487 189 1513 non
206 1475 297 1514 satis
314 1475 504 1528 intelligo,
518 1479 611 1529 quid
628 1479 851 1530 profeceris.
906 1480 947 1518 si
962 1480 1063 1518 enim
1082 1481 1159 1519 vio-

107 1537 186 1576 lens
203 1539 366 1578 discessit
382 1541 429 1579 ab
445 1541 546 1581 hoste
565 1555 706 1590 mero,
726 1553 806 1582 tum
818 1544 982 1582 discessit
995 1556 1157 1582 weron

110 1601 158 1639 ab
174 1601 286 1640 hoste.
335 1604 458 1643 Victor
474 1613 515 1644 et
532 1607 647 1645 victus
665 1607 763 1646 adeo
778 1615 867 1645 sunt
886 1608 985 1645 inter
1002 1620 1045 1645 se
1063 1620 1156 1646 con-

110 1678 225 1712 nexa,
252 1673 310 1713 ut,
328 1667 360 1704 si
378 1668 604 1707 alterutrum
633 1669 803 1717 effertur,
832 1670 995 1708 alterum
1025 1671 1157 1710 animo·

108 1729 270 1780 intelligi
287 1743 446 1769 necesse
465 1731 527 1770 sit.

157 1795 222 1832 40.
276 1794 353 1832 Pro
370 1795 486 1841 vehet,
504 1796 582 1834 duo
601 1797 713 1835 codd.
731 1797 834 1849 apud
847 1798 975 1837 Bentl.
988 1799 1099 1837 vehit.

157 1856 251 1895 XII.
277 1860 315 1904 8,
334 1862 372 1898 9.
423 1858 530 1898 Male
549 1860 653 1899 hunc
670 1861 799 1900 locum
812 1862 916 1914 cepit
929 1870 970 1901 et
987 1863 1149 1901 distinx-

106 1920 138 1958 it
155 1920 235 1971 ipse
253 1921 473 1967 Gesnerus;
499 1937 626 1975 neque
654 1925 834 1976 cuiquam
850 1939 901 1964 ex
930 1926 1150 1977 interpreti-

106 1986 192 2031 buz,
220 1987 324 2036 quod
341 1987 474 2034 sciam,
492 1988 628 2026 melius
648 1989 775 2028 cessit.
830 1990 892 2028 Sic
908 1991 1004 2029 vives
1020 1997 1149 2042 prote-

105 2061 175 2085 nus
192 2056 251 2087 est
269 2049 324 2088 sic
340 2063 454 2100 porro
471 2051 589 2098 vives,
616 2051 696 2090 sive
714 2052 769 2090 sic
799 2065 938 2104 perges
966 2054 1148 2092 vivere-

105 2122 161 2149 ur
195 2112 389 2163 [etiamsi]
411 2119 448 2152 te
463 2116 651 2167 confestim
677 2115 838 2168 liquidus
837 2119 1027 2168 fortunae
1044 2117 1146 2156 rivus

102 2174 265 2224 inauret,
290 2177 315 2215 i.
333 2190 368 2216 e.
385 2190 566 2218 umam
585 2187 746 2233 repente
763 2181 869 2221 dives
886 2181 1012 2224 factus
1027 2181 1104 2221 sis:
