1378 2534
213 256 266 294 54
447 253 767 294 SERMONUM
817 254 872 293 11.
925 254 978 295 iii.
1123 269 1159 296 v.
1181 259 1266 298 121.

214 362 389 402 Maxima
405 377 491 415 pars
509 364 705 403 hominum
723 366 857 405 morbo
870 367 1040 417 Jactatur
1055 367 1208 407 eodem.

216 428 334 467 Filius
350 437 416 468 aut
434 429 547 467 etiam
566 430 662 468 haec
680 429 838 469 libertus
856 438 900 469 ut
916 431 1046 470 ebibat
1063 432 1188 480 heres,

214 493 289 532 Dis
307 494 459 533 inimice
477 507 609 541 senex,
628 494 824 533 custodis?
845 508 895 534 ne
911 496 982 534 tibi
999 497 1122 536 desit:

213 559 450 602 Quantulum
462 559 563 597 enim
577 572 746 598 summae
761 561 928 599 curtabit
934 561 1093 613 quisque
1101 562 1263 610 diennn,

213 624 399 675 Unguere
417 623 447 661 si
467 624 593 662 caules
611 624 697 662 oleo
715 625 885 673 meliore,
904 633 1108 678 caputque,

213 688 411 739 Coeperis,
430 689 583 740 impexa
598 689 754 728 foedum
772 691 990 741 porrigine?
1011 692 1155 738 Quare,

215 753 256 791 Si
276 753 424 804 quidvis
441 754 531 791 satiS
549 761 620 801 est,
638 757 821 805 perjuras,
840 756 1009 807 surripis,
1027 756 1154 795 aufers

214 819 416 870 Undique?
439 819 540 856 Tun’
555 820 688 857 sanus?
710 819 899 871 Populum
913 821 944 858 si
956 822 1117 860 caedere
1135 821 1237 860 saxis

212 883 391 934 IncipiaS‚
410 896 599 930 servosve,
618 892 686 922 tuo
705 898 800 935 quos
819 897 907 923 aere
924 885 1091 936 pararis;

210 946 392 986 Insanum
410 955 449 986 te
468 962 599 987 omnes
616 949 725 1000 pueri
743 950 985 1001 clamentque
1001 949 1163 1002 puellae.

213 1014 312 1051 Cum
323 1013 460 1064 laqueo
473 1026 633 1051 uxorem
645 1013 843 1058 interimis,
849 1021 1087 1065 matremque
1097 1015 1262 1063 veneno',

212 1077 401 1116 Incolumi
420 1077 547 1128 capite
562 1079 624 1116 es!
644 1076 749 1120 Quid
766 1076 896 1115 enim?
915 1089 1042 1130 neque
1056 1084 1100 1116 tu
1115 1077 1192 1117 hoc
1204 1078 1261 1118 fa-

416 1142 470 1180 cis
490 1142 620 1193 Argis,

211 1208 299 1247 Nec
316 1207 432 1254 ferro,
451 1214 494 1245 ut
508 1207 664 1245 demens
678 1207 913 1258 genetricem
927 1206 1070 1246 occidit
1088 1206 1258 1246 Orestes.

211 1274 277 1310 An
295 1279 338 1310 tu
357 1272 450 1310 reris
468 1285 555 1310 eum
575 1272 701 1310 occisa
719 1272 900 1311 insanisse
917 1279 1090 1322 parente,

211 1338 275 1376 Ac
294 1351 370 1374 non
385 1343 473 1374 ante
491 1335 598 1373 malis
617 1336 833 1374 dementem
848 1343 977 1374 actum
990 1335 1125 1382 Furiis,
1143 1349 1259 1388 quam

208 1402 255 1439 In
274 1401 402 1439 matris
416 1400 552 1452 jugulo
570 1399 712 1438 ferrum
731 1399 915 1451 tepefecit
932 1401 1113 1439 acutum?

210 1467 326 1512 Quin,
340 1479 389 1503 ex
409 1479 485 1516 quo
503 1473 562 1503 est
580 1465 731 1503 habitus
745 1465 842 1503 male
858 1473 964 1504 tutae
982 1466 1122 1504 mentis
1141 1466 1258 1506 Ores·

208 1533 274 1571 Nil
291 1545 382 1570 sane
399 1532 504 1578 fecit,
525 1531 629 1582 quod
647 1538 689 1569 tu
704 1531 934 1582 reprendere
952 1531 1095 1583 possis:
1159 1533 1256 1583 [tes.

207 1600 299 1638 Non
319 1598 490 1650 Pyladen
511 1597 612 1634 ferro
630 1594 772 1634 violare
799 1609 960 1634 aususve
977 1610 1148 1637 sororem

208 1664 402 1702 Electram
417 1679 427 1707 ;
444 1669 592 1700 tantum
610 1660 804 1700 maledicit
822 1660 987 1713 utrique,
1005 1663 1180 1702 vocando

207 1729 324 1767 Hanc
339 1727 614 1773 Furiam,hunc
627 1725 744 1772 aliud,
748 1726 861 1777 jussit
871 1727 976 1778 quod
987 1727 1188 1779 splendida
1197 1728 1261 1766 bi·-

205 1794 358 1844 Pauper
376 1791 551 1843 Opimius
569 1790 717 1841 argenti
731 1790 844 1842 positi
862 1791 964 1829 intus
981 1797 1021 1829 et
1039 1791 1134 1839 auri,
1172 1791 1253 1843 [lis.

205 1858 282 1900 Qui
302 1856 557 1894 Veientanum
575 1855 682 1894 festis
699 1862 832 1906 potare
851 1855 986 1894 diebus

205 1923 402 1973 Campana
419 1920 551 1958 solitus
568 1920 696 1966 trulla,
715 1932 952 1971 vappamque
971 1920 1164 1971 profestis,

203 1987 407 2031 Quondam
424 1985 599 2035 lethargo
613 1984 748 2035 grandi
766 1991 825 2023 est
843 1997 1043 2035 oppressus
1058 2001 1068 2030 3
1086 1993 1128 2024 ut
1141 1986 1252 2026 heres

202 2054 229 2092 J
232 2066 291 2090 am
309 2050 453 2089 circum
471 2049 617 2087 loculos
635 2056 674 2086 et
693 2049 816 2087 claves
830 2049 952 2086 laetus
970 2062 1163 2102 ovansque

203 2118 396 2156 Curreret.
415 2113 534 2151 Hunc
546 2112 731 2158 medicus,
744 2112 905 2150 multum
918 2113 1019 2151 celer
1031 2120 1146 2165 atque
1157 2113 1250 2153 fide-

203 2180 361 2221 Excitat
373 2179 448 2218 hoc
459 2185 572 2231 pacto
588 2192 598 2216 ε
616 2190 784 2217 mensam
798 2177 888 2230 poni
895 2178 1020 2229 jubet,
1032 2184 1146 2230 atque
1165 2178 1248 2230 [¹³⁵2
