1378 2534
489 261 755 313 No‘rULAE
1074 267 1150 312 225

338 354 386 389 nc
411 361 497 389 mn.
523 362 572 388 11.
600 359 915 388 trrsroLAntm.

130 437 236 485 Leno
245 458 312 499 ego
323 458 415 484 sum,
436 445 579 484 Aesch.
601 445 696 483 Scio.
715 444 804 482 San.
824 444 877 482 At
895 453 970 481 rm
991 442 1141 494 (leno),

108 517 150 549 nt
166 508 493 562 mqumnfiitfide
510 508 699 561 quisquam
726 507 873 560 optima.

843 571 921 610 Ad.
939 571 993 609 ΙΙ.
1011 571 1036 609 i.
1055 573 1091 613 7-

104 638 195 677 Jam
211 639 376 690 quanam
394 649 436 674 re
454 637 518 675 hic
536 637 669 676 rhetor
701 634 878 675 consulto
888 637 1039 688 stater,
1064 635 1145 674 sive

103 700 251 748 similis,
277 702 386 739 erat?
413 701 548 738 mutu&
565 700 743 738 nimirum
761 699 983 738 adulatione
1013 703 1055 737 e't
1079 711 1142 753 *as-

103 765 332 803 sentatione.
390 764 438 802 Id
455 777 506 802 ex
536 764 596 811 iis,
629 777 727 816 quae
753 770 979 815 sequuntur,
1012 761 1144 814 collig’i

105 834 245 879 potest.
440 823 445 827 ⁴

155 891 221 928 An
239 886 303 929 hic
321 891 430 930 locus
447 891 524 930 hoc
541 891 656 930 modo
683 891 775 930 satis
804 891 980 943 expediri
1007 890 1144 943 possit,

103 951 242 992 lectori
259 953 549 1005 dijudicandum
563 955 826 1007 relinquimus.
871 955 1071 993 Bentleius
1088 955 1144 993 le-

102 1017 275 1069 gendum
292 1018 524 1069 suspicatur,

129 1076 134 1078 ’
154 1079 324 1119 ΡΑοτσε
342 1087 425 1119 erat
441 1075 583 1120 Romae
599 1094 817 1121 consum-o
836 1082 973 1130 rhetor,
992 1090 1033 1122 ut
1050 1083 1146 1122 alter

154 1143 321 1183 Alterius
336 1141 499 1183 sermone
515 1159 631 1183 meros
649 1146 796 1184 audiret
813 1147 979 1186 honores.

129 1205 135 1218 ι
152 1220 209 1258 11.
234 1224 298 1260 91.
322 1234 417 1277 sqq..
452 1222 628 1260 Carmina
643 1213 828 1275 cothono,
846 1223 906 1262 hic
922 1223 1055 1276 elegos,
1072 1228 1144 1266 διο.

102 1283 224 1322 Hunc
240 1284 367 1323 locum
385 1285 439 1324 ita
453 1292 541 1324 cum
560 1277 738 1325 Bentleio
757 1287 1027 1335 distinximus,.
1042 1296 1086 1339 ut
1103 1303 1143 1328 o·

95 1362 172 1401 pus
187 1341 356 1387 mirabile
366 1349 465 1400 pisa,
490 1349 740 1402 caelatumque
757 1365 882 1390 novem
899 1352 1023 1399 musis,
1054 1365 1144 1391 cum

100 1402 198 1450 voce
226 1411 351 1466 aedem
375 1413 562 1465 jungatur
588 1427 659 1466 per
684 1415 985 1467 appositionem;
1024 1423 1064 1454 et
1092 1416 1143 1454 de

102 1475 247 1526 templo
273 1475 535 1527 intelligimus,
568 1478 672 1529 quod
691 1480 893 1529 Augustus
923 1478 962 1516 in
994 1478 1144 1518 Palatio

100 1538 290 1585 extruxit,
307 1546 347 1577 et
362 1540 534 1591 Apollini
551 1553 598 1579 ac
613 1542 736 1580 Musis
747 1542 951 1580 dedicavit.
979 1548 1006 1566 “
1026 1542 1142 1581 Tem-

100 1604 130 1624 “
154 1601 261 1652 plum
280 1598 472 1653 Apollinis
503 1604 542 1641 in
561 1617 607 1642 ea
637 1613 746 1656 parte
778 1605 973 1644 Palatinae
1003 1606 1143 1644 domus

101 1669 131 1690 “
130 1665 352 1713 excitavit,
379 1680 506 1718 quam,
534 1668 693 1706 fulmine
725 1669 853 1715 ictam,
880 1670 1087 1708 desiderari
1117 1684 1142 1709 a

100 1732 131 1752 ‘⁸
155 1722 231 1766 deo
248 1728 468 1781 haruspices
486 1732 799 1782 pronunciat-ant.
840 1733 1005 1771 Addidit
1021 1733 1141 1786 porti-

102 1795 131 1817 ‘⁴
157 1805 226 1831 cus
238 1806 326 1831 cum
339 1794 572 1834 bibliotheca
583 1796 723 1834 Latina
736 1795 974 1848 Graecaque.
976 1798 1006 1817 ”
1034 1798 1142 1836 Suet.

100 1855 239 1894 Octav.
257 1856 403 1895 XXIX.
449 1859 540 1898 Hoc
558 1861 742 1911 templum
756 1874 879 1899 novem
894 1861 1006 1899 musis
1021 1861 1141 1899 caela

100 1925 178 1957 tum
195 1920 325 1967 fuisse,
353 1922 432 1960 sive
451 1935 587 1962 novem
620 1936 744 1962 musas
762 1924 970 1978 insculptas
987 1925 1141 1964 habuis-

100 1991 158 2029 se,
184 1983 244 2024 vel
261 1985 481 2035 parietibus,
510 1987 570 2025 vel
602 1988 827 2039 porticibus,
852 1987 1058 2027 admodum
1076 2003 1140 2029 ve-

101 2039 257 2085 risimile
271 2054 351 2085 est:
377 2049 671 2094 intercolumnia
685 2051 786 2089 enim
799 2052 932 2090 statuis
948 2053 1141 2104 Apollinis

102 2115 145 2146 et
161 2108 393 2158 Danaidum,
418 2112 570 2164 fastigia
587 2128 701 2153 curru
722 2115 820 2153 Solis
837 2128 888 2154 ex
917 2129 1026 2162 aut-0,
1056 2116 1139 2154 fue-

102 2179 195 2210 runt
211 2182 420 2221 exornata;
445 2183 485 2215 et
496 2177 628 2216 valvae
642 2190 693 2215 ex
707 2179 824 2217 ebore
847 2179 1064 2219 referebant
1083 2179 1142 2217 in-·

159 2235 268 2274 Tou.
297 2237 351 2275 ΙΙ.
473 2238 477 2241 “
624 2241 654 2279 F
679 2241 701 2278 f
