1378 2534
89 308 126 335 vs·
143 297 207 335 43.
311 286 710 331 EPISTOLARUM
762 287 815 326 11.
867 288 892 325 i.
1062 284 1134 325 127

89 405 170 443 Iste
188 403 342 456 quidem
359 410 510 441 veteres
530 402 629 438 inter
647 405 813 451 ponetur
829 397 1006 442 honeste,

86 471 168 513 Qui
186 469 246 507 vel
264 481 395 506 mense
411 466 519 505 brevi
537 465 597 502 vel
615 471 700 501 toto
719 469 777 500 est
790 462 921 512 junior
938 473 1054 499 anno.

89 534 192 573 Utor
210 532 408 585 permisso,
437 529 658 578 caudaeque
676 526 774 578 pilos
793 533 835 563 ut
858 526 1034 576 equinae,

90 597 295 636 Paullatim
311 596 426 641 vello,
454 601 495 632 et
508 594 625 631 'demo
645 604 776 637 unum,
805 590 919 628 demo
938 596 977 627 et
994 588 1087 626 item

294 674 412 699 unum
427 676 436 703 ;
751 657 753 664 ²

90 727 198 765 Dum
217 726 329 764 cadat
346 725 475 762 elusus
492 722 640 760 ratione
658 720 804 758 ruentis
820 720 962 765 acervi,

91 791 168 833 Qui
187 789 286 828 redit
305 789 343 826 in
361 788 494 833 fastos,
526 794 564 825 et
582 787 762 823 virtutem
780 784 956 822 aestimat
974 782 1097 828 annis,

92 853 335 904 Miraturque
354 851 462 897 nihil,
490 850 562 888 nisi
581 850 685 901 quod
704 849 874 886 Libitina
891 847 1068 885 sacravit.

92 917 255 963 Ennius,
283 923 323 954 et
341 916 507 967 sapiens,
535 921 575 952 et
590 913 715 959 fortis,
734 920 775 951 et
791 913 887 950 alter
907 912 1116 956 Homerus,

93 982 150 1021 Ut
169 981 294 1020 critici
312 980 460 1024 dicunt,
489 979 623 1016 leviter
642 990 776 1016 curare
795 977 959 1022 videtur,

94 1047 183 1088 Quo
202 1044 388 1096 promissa
407 1043 561 1088 cadant,
589 1050 628 1080 et
647 1042 794 1080 somnia
812 1041 1070 1092 Pythagorea.

94 1108 267 1147 Naevius
281 1107 319 1144 in
338 1107 514 1144 manibus
532 1120 610 1144 non
629 1113 702 1151 est,
722 1114 759 1144 et
775 1105 967 1142 mentibus
985 1105 1121 1154 haeret

96 1172 228 1210 Paene
247 1171 408 1209 recens?
429 1170 527 1208 adeo
542 1178 718 1208 sanctum
733 1177 791 1207 est
802 1177 912 1207 vetus
926 1181 1039 1206 omne
1053 1169 1145 1220 poe'-

301 1248 375 1274 ma.

96 1301 320 1352 Ambigitur
338 1301 503 1351 quoties,
532 1307 617 1338 uter
635 1307 723 1338 utro
741 1300 791 1337 sit
804 1300 932 1350 prior;
959 1298 1086 1337 aufert

95 1366 287 1405 Pacuvius
305 1365 411 1403 docti
429 1365 568 1402 faniam
588 1365 703 1411 senis,
733 1365 879 1402 Accius
898 1364 976 1401 alti.

99 1431 257 1469 Dicitur
276 1429 412 1467 Afrani
434 1435 524 1478 toga
544 1428 767 1466 convenisse
788 1427 1031 1471 Menandro;

96 1494 257 1533 Plautus
275 1488 324 1531 ad
338 1493 534 1544 exemplar
554 1492 673 1530 Siculi
686 1504 892 1543 properare
910 1491 1150 1542 Epicharmi;

98 1558 268 1596 Vincere
287 1557 479 1595 Caecilius
498 1557 699 1607 gravitate,
728 1557 934 1594 Terentius
953 1563 1048 1594 arte.

101 1621 189 1659 Hos
207 1621 359 1666 ediscit,
388 1628 427 1658 et
444 1621 529 1666 hos,
557 1628 664 1659 arcto
683 1621 821 1671 stipata
838 1621 1006 1665 theatro,

103 1685 267 1736 Spectat
287 1685 410 1722 Roma
428 1692 591 1736 potens:
617 1685 735 1722 habet
761 1685 832 1721 hos
858 1690 1111 1733 numeratque

306 1757 441 1799 poetas

105 1813 172 1851 Ad
189 1820 361 1850 nostrum
382 1820 532 1864 tempus
551 1813 637 1850 Livi
658 1813 853 1864 scriptoris
872 1813 920 1851 ab
945 1826 1053 1851 aevo.

102 1877 305 1915 Interdum
321 1878 457 1928 vulgu<
476 1883 626 1915 rectum
646 1877 773 1918 videt;
800 1885 859 1915 est
877 1877 941 1914 ubi
953 1885 1108 1929 peccat.

107 1941 148 1979 Si
167 1949 316 1979 veteres
335 1942 388 1979 ita
406 1942 565 1979 miratur
582 1941 790 1992 laudatque
808 1944 957 1993 poetas,

105 2002 273 2043 Ut'nihil
292 2005 495 2051 anteferat,
524 2006 619 2042 nihil
638 2006 710 2043 illis
729 2014 951 2057 comparet;
978 2013 1104 2043 errat:

108 2068 149 2106 Si
168 2069 356 2119 quaedam
376 2069 487 2106 nimis
506 2070 676 2121 antique,
705 2069 736 2106 si
755 2070 939 2120 pleraque
958 2070 1067 2115 dure,

109 2133 255 2170 Dicere
275 2133 379 2170 cedit
397 2146 478 2179 eos,
507 2134 644 2184 ignave
663 2134 784 2171 multa
801 2134 969 2178 fatetur3

107 2196 160 2234 Et
175 2198 289 2248 sapit,
317 2205 358 2235 et
375 2211 527 2236 mecum
545 2198 651 2244 facit,
679 2206 720 2236 et
735 2199 835 2238 Jove
849 2199 999 2250 judicat
1027 2203 1168 2251 aequo}-

159 2274 279 2313 Tou.
312 2276 370 2315 11.
644 2277 681 2326 Q
711 2280 737 2314 4
